2744 4718
704 313 800 436 3⁸..
842 328 845 331 Α

688 524 711 602 b.
755 521 807 586 39.

283 649 357 718 Vix
375 653 478 717 ullam
498 651 648 742 reperias
676 651 840 719 familiam
860 654 959 744 regni
974 653 1187 744 vegetabilis,
1208 679 1298 744 quae

101 783 105 791 ·
202 759 337 849 cyclum
357 773 426 826 tam
445 759 633 850 perfectum
653 775 753 850 atque
774 762 979 830 concinnum
1001 762 1149 831 ostendit
1171 780 1204 830 et
1233 789 1298 832 ou-

200 871 256 948 jus
274 866 405 936 formae
425 867 544 935 habitu
557 870 644 936 adeo
659 869 749 936 inter
764 893 801 936 se
818 868 1018 960 congruunt,
1043 889 1078 939 ut
1089 875 1298 961 Muscorum3

201 992 348 1045 attamen
377 979 435 1046 hic
466 1001 603 1067 quoque
630 1001 749 1045 eorum
771 979 977 1046 evolutionis
1000 983 1119 1049 orbem
1140 1007 1158 1049 a
1177 1000 1297 1052 centro

201 1088 350 1176 quodam'
376 1084 520 1154 diversis
546 1087 584 1152 in
603 1085 670 1154 viis
690 1089 938 1177 perquirentes,
967 1090 1171 1182 conspicuos
1192 1092 1298 1162 inve-

199 1196 310 1263 nimus
336 1194 494 1262 transitus
523 1178 600 1262 cum
626 1195 670 1262 ad
706 1194 886 1263 inferiores
915 1211 986 1264 tum
1020 1203 1064 1266 ad
1093 1204 1291 1292 superiores

199 1305 298 1396 regni
345 1302 547 1395 vegetabilis
567 1346 570 1350 Δ
589 1302 714 1385 series,
765 1319 800 1370 et
843 1305 954 1373 Musci
989 1309 1297 1400 praefigurationes

199 1431 277 1482 sunt
294 1414 420 1506 plantis
438 1412 670 1480 vascularibus
688 1412 866 1480 altioribus
883 1414 1134 1484 evidentissime
1147 1444 1295 1512 respon-

201 1527 336 1605 dentes,
358 1547 425 1612 qua
451 1525 525 1589 sola
551 1546 590 1589 re
622 1537 755 1589 constat
782 1545 858 1604 eos,
879 1523 910 1589 si
936 1522 1081 1592 familias
1109 1534 1297 1597 secundum

199 1611 374 1722 analogias
397 1647 430 1698 et
451 1631 613 1698 transitus
635 1631 863 1722 conscripturi
891 1632 1010 1715 simus,
1032 1659 1133 1726 supra
1151 1638 1297 1732 Hepati-

200 1767 255 1811 cas
283 1765 357 1836 esse
380 1741 556 1807 locandos.

688 1929 711 2006 s.
754 1923 806 1986 40.

281 2065 364 2132 lnde
379 2071 409 2126 'a
430 2079 607 2149 sporarnm
625 2052 871 2145 germinatione
895 2056 1079 2140 ordientes,
1108 2059 1293 2128 formatio-

199 2199 277 2243 nem
311 2166 501 2263 primordio
532 2165 630 2249 inter,
656 2161 844 2232 Conservas
880 2178 914 2230 et
942 2166 1078 2233 Muscos
1104 2166 1296 2255 ambiguam

199 2312 272 2354 esse
301 2279 547 2371 cognoscimus.
591 2277 757 2364 Perpetuo
776 2271 884 2361 prima
907 2271 1066 2339 oriuntur
1086 2275 1144 2341 fila
1165 2275 1296 2373 articu-

198 2400 280 2476 lata,
304 2415 391 2480 quae
412 2391 449 2456 in
466 2385 669 2477 quibusdam
681 2380 912 2448 Muscisveras
925 2381 962 2446 in
975 2382 1160 2451 Conservas
1175 2399 1289 2451 trans-

198 2506 249 2572 ire
273 2500 449 2582 videntur,
482 2513 515 2563 et
544 2492 706 2584 quamdiu
726 2515 861 2557 muscus
887 2505 1028 2580 segetat,
1048 2491 1210 2559 radiculis
1232 2515 1294 2559 co*

199 2616 341 2679 haerent
359 2611 406 2690 li).
460 2607 564 2674 Paulo
599 2616 679 2693 post
709 2601 873 2667 nonnulla
895 2623 940 2664 ex
961 2600 1015 2665 his
1039 2601 1105 2668 filis
1126 2601 1294 2668 viridibus

201 2721 238 2788 in
257 2721 442 2812 plantulam
464 2719 605 2794 coeunt,
636 2734 722 2800 quae
750 2708 933 2799 diligenter
961 2708 1138 2776 observata
1158 2709 1295 2776 videtur

202 2829 370 2922 gemmula
400 2840 536 2905 tenera,
571 2823 682 2913 prima
707 2817 855 2910 plurium
883 2817 1083 2884 foliolorum
1105 2815 1297 2883 rudimenta

202 2941 357 3009 offerens.
405 2937 492 3002 Mox
520 2932 556 2998 in
589 2931 736 2997 circuitu
759 2925 813 2993 sin
862 2924 900 2991 li*
917 2926 1053 2993 filorum
1080 2924 1235 3003 fasciculi
1258 2943 1298 2993 ut

200 3048 321 3117 foliola
349 3059 490 3136 angusta
514 3040 713 3134 imperfecta
735 2951 964 3127 egreffiuntur,
987 3059 1073 3123 quae
1097 3050 1190 3103 tanto
1210 3060 1298 3127 per-

200 3158 360 3226 fectiores
381 3157 475 3234 fiunt,
497 3168 623 3243 quanto
644 3146 752 3238 magis
771 3147 945 3212 trunculus
970 3143 1176 3215 extenditur.
1219 3145 1319 3212 Hac¹

203 3271 247 3334 de
286 3290 384 3333 causa
405 3261 550 3330 'surculi
578 3275 611 3326 et
642 3257 731 3326 folia
757 3257 967 3334 Muscorum,
1002 3252 1157 3342 quamvis
1184 3255 1297 3344 primo

204 3377 364 3468 adspectu
386 3374 430 3440 iis
457 3367 699 3462 perfectiorum
718 3368 907 3455 plantarum
931 3365 1072 3451 analoga
1100 3386 1172 3428 esse
1193 3363 1298 3429 vide-

203 3502 315 3564 antur,
351 3498 464 3548 tamen
490 3477 541 3543 nil
571 3468 658 3541 nisi'
677 3488 792 3540 auctus
820 3495 949 3538 massae
982 3472 1164 3537 cellulosae
1201 3470 1298 3536 nisus
1355 3472 1359 3484 '

203 3594 401 3662 formativus
433 3583 583 3653 habendi
616 3598 708 3664 sunt,
737 3605 813 3648 cum
843 3583 956 3647 esola
977 3575 1134 3645 'coitione
1160 3577 1299 3645 filorum

205 3701 414 3770 sellularium
440 3685 653 3783 longitudine
677 3694 933 3770 conjunctorum
960 3685 1074 3770 (veris
1095 3686 1303 3763 confervoi-‚

205 3811 278 3880 deis
299 3802 574 3888 formationibus)
597 3801 808 3869 evolvantur,
851 3793 947 3862 Folia
972 3793 1075 3884 igitur
1096 3794 1178 3862 solis
1202 3795 1298 3863 fibris

206 3953 392 3979 -ψ

276 4030 303 4092 'J
323 3979 452 4099 Sprrngel
469 4024 487 4080 l.
506 4041 531 4077 e.
550 4021 617 4075 Tab·
637 4019 662 4070 4.
681 4015 740 4088 Fig.
759 4015 802 4068 75.
821 4043 855 4055 -
874 4017 941 4070 Nees
958 4020 984 4067 el
1001 4014 1183 4081 Homsrbucb,
1202 4015 1298 4086 Bryon

212 4120 458 4201 ogiegermsnice,
475 4118 543 4174 Tab.
562 4115 605 4168 lv.
624 4113 682 4185 rig.
704 4115 728 4162 1.
