2744 4718
629 357 735 476 -2-2-

140 556 208 624 rias
239 557 284 623 sd
310 571 453 648 regnum
471 558 616 631 animale
630 561 819 649 pertinere,
844 560 1040 650 quinetiam
1059 561 1232 652 decapite

140 690 255 732 earum
276 679 310 731 et
336 658 443 731 calida
459 666 567 732 locuti
586 681 677 749 sunt3
700 667 776 752 alii,
797 668 857 758 qui
873 671 931 735 fila
943 671 1106 775 conpulla
1127 667 1233 735 vide-

139 789 216 840 rant
243 773 282 840 in
312 773 470 883 globt'tlos
497 771 670 842 levissime
699 779 919 844 cohaerentes
940 776 1052 858 abire,
1083 800 1189 864 eaque
1212 801 1232 844 e

140 897 246 951 strato
267 881 375 948 libera
396 895 492 949 motu
519 898 673 973 reptante
692 908 798 954 curvo
824 900 858 952 et
877 885 1064 952 lentissimo
1086 884 1125 951 in
1145 909 1233 975 aqua

139 1014 212 1056 sese
256 992 447 1082 producere
455 993 472 1072 ,¹
496 991 731 1075 crediderunt,
746 1071 749 1091 )
765 994 806 1061 ea
843 995 882 1062 in
913 993 989 1060 aliis
1010 992 1106 1062 sitae
1141 1009 1233 1060 tem-

37 1154 45 1187 ,
137 1098 280 1190 poribus
312 1124 386 1166 esse
419 1098 641 1190 vegetabilia,
680 1099 718 1166 in
759 1101 833 1168 aliis
864 1103 1032 1170 animalia.
1086 1103 1140 1170 De
1177 1103 1232 1169 his
1275 1089 1278 1094 ’

137 1203 256 1272 formis
295 1208 397 1275 valde
434 1208 686 1299 problematicis
718 1210 855 1278 difficile
881 1212 1021 1301 quidem
1047 1227 1098 1278 est
1124 1215 1234 1284 ullum

78 1312 82 1317 ’
137 1313 238 1381 ferre·
249 1315 457 1406 suffragium.
489 1318 723 1385 Motiunculae
736 1318 822 1386 istae
843 1335 935 1387 certe
948 1323 1011 1386 sub
1025 1324 1117 1405 lente
1128 1322 1232 1389 valde

138 1439 281 1513 augente
307 1426 460 1515 conspici
479 1443 622 1517 possunt
642 1426 736 1494 haud
753 1452 866 1514 rarae;
893 1429 954 1496 sed
976 1427 1057 1496 inde
1078 1430 1130 1496 nil
1148 1429 1235 1496 certi

138 1530 344 1599 concludere
365 1534 462 1616 lic'et,
491 1533 664 1626 siquidem
689 1544 801 1606 motus
824 1563 931 1627 aeque
953 1537 1101 1609 mirandi
1121 1553 1155 1605 et
1175 1537 1234 1606 in-
1283 1537 1289 1548 ’

137 1639 358 1728 explicabiles
387 1641 426 1708 in
451 1646 577 1734 plantis
611 1645 811 1729 quibusdam
838 1647 1122 1736 phanerogamis,
1150 1673 1183 1715 v.
1202 1673 1231 1715 c.

135 1743 316 1836 Hedysaro
340 1764 495 1839 gyrante
515 1751 840 1817 animadvertuntur.
888 1751 982 1818 Sunt.
1001 1753 1147 1839 denique
1173 1754 1233 1840 qui
1298 1762 1302 1768 '

136 1853 297 1935 credant,
344 1855 434 1921 hanc
472 1854 721 1922 oscillationem
759 1856 850 1935 luci,
891 1879 978 1942 quae
1009 1857 1048 1921 in
1074 1858 1132 1923 iila
1159 1860 1231 1924 vim

136 1984 236 2031 snam.
253 1962 396 2044 exserit,
417 1963 557 2028 attribui
572 1984 688 2052 posse,
710 1976 768 2028 aut
782 1964 959 2028 nonnullas
973 1964 1111 2031 filorum
1124 1965 1230 2032 oscil-

133 2070 278 2138 lationes
308 2069 578 2139 motitalionibus
605 2094 727 2158 aquae,
757 2094 777 2135 a
803 2069 975 2136 levissima
1002 2072 1231 2152 observatoris

135 2179 359 2270 respiratione
381 2178 484 2268 ortis,
516 2179 664 2246 adscribi
686 2178 811 2245 debere
835 2181 880 2265 ἦε).
932 2179 1036 2263 Quod
1057 2180 1089 2244 si
1115 2181 1232 2246 locum

135 2291 268 2371 habeat,
293 2288 330 2356 in
354 2286 429 2354 aliis
452 2290 577 2355 teneris
590 2291 758 2376 Algarum
777 2287 860 2370 filis,
873 2287 987 2383 'quum
1005 2285 1124 2373 eadem
1143 2307 1232 2356 conv

136 2397 266 2464 ditione
287 2397 371 2463 lenti
390 2412 614 2486 exponantur,
636 2395 764 2462 similes
783 2384 895 2462 motus
917 2395 1229 2476 animadvertamus

135 2530 273 2575 necesse
291 2507 349 2589 sit;
379 2518 525 2570 attamen
552 2527 654 2572 nemo
682 2506 794 2570 adhuc
822 2506 905 2568 tales
930 2504 1141 2594 conspicatus
1169 2518 1227 2568 est.

134 2598 246 2683 Pstis·
269 2613 394 2702 igitur,
434 2626 472 2678 ut
490 2612 539 2678 ita
567 2612 694 2694 dicam,
724 2611 915 2677 rudimenta
941 2611 1031 2679 vitae
1063 2609 1230 2690 animalis,

135 2735 323 2812 spontaneo
351 2734 447 2786 motu
464 2744 538 2786 sese
561 2720 802 2812 expromentis·
818 2721 994 2785 habendae
1018 2729 1110 2800 sunt,
1128 2733 1161 2785 et
1181 2716 1231 2784 sio

135 2828 249 2917 indiis
270 2825 536 2895 formationibus
554 2855 697 2921 regnum
714 2829 904 2918 vegetabile
929 2828 967 2895 in
989 2852 1131 2918 ragnum
1153 2827 1232 2892 ani-

136 2926 224 3005 male
242 2936 389 3005 transire
415 2937 532 3028 liquet.

219 3153 471 3221 Formationem
493 3159 561 3236 jam
580 3153 689 3244 magis
715 3152 848 3223 dubiam
870 3156 1012 3243 praebet
1031 3153 1130 3220 nobis
1159 3155 1234 3218 At-

137 3264 333 3353 cyonidium
361 3264 575 3351 diaphoniam
592 3267 756 3330 Lamour.
795 3265 975 3351 *umquod
997 3263 1033 3328 in
1056 3278 1146 3350 statu
1172 3287 1235 3328 re-

21 3384 24 3389 '
139 3371 230 3438 centi
251 3384 383 3438 constat
404 3396 422 3436 e
440 3396 550 3440 massa
567 3371 773 3462 gelatinosa,
797 3375 968 3462 elongata,
987 3394 1140 3453 ramosa,
1163 3371 1235 3438 oli-

138 3503 253 3561 vacea,
273 3481 363 3545 intus
387 3483 559 3563 cellulosa,
580 3480 737 3568 oapsulas
757 3479 925 3547 solitarias
938 3479 1160 3571 granuliferas
1176 3479 1235 3544 iu-

44 3668 48 3673 ,
140 3588 316 3670 cludente3
338 3587 546 3654 exsiccatum
561 3585 701 3655 veroin
723 3611 866 3655 massam
884 3589 1083 3671 coriaoeam,
1106 3590 1235 3688 duram,
1283 3595 1287 3601 '

140 3694 360 3785 subfragilem
388 3697 607 3763 convertitur.
655 3695 715 3762 An
742 3699 827 3764 haec
861 3698 991 3789 species
1021 3696 1064 3763 ad
1093 3719 1236 3786 regnum

139 3803 331 3894 vegetabile
354 3800 539 3892 pertineat,
558 3826 629 3872 non
658 3820 751 3873 certo
775 3823 914 3879 constat
956 3806 1155 3898 Suspicatur
1171 3807 1237 3872 Et-

210 4035 239 4093 *J
256 4028 367 4083 Confer.
386 4031 497 4100 Lyngbye
515 4032 532 4083 1.
551 4048 573 4084 c·
589 4043 614 4099 p.
633 4036 677 4095 87.

210 4124 258 4189 ’')
274 4120 384 4178 Confer.
403 4127 515 4194 Lynghye
532 4123 550 4175 l.
570 4141 593 4177 c.
612 4142 638 4184 o.
658 4124 718 4175 202.
