2744 4718
639 361 737 480 32}-

135 561 356 630 volventium.
390 562 467 629 'Sic
499 562 593 628 varia
628 564 761 629 ratione
800 561 959 629 transitus
987 561 1175 630 Lichenum
1198 580 1233 630 et
1281 572 1286 583 '

135 672 330 761 Fungorum
354 669 455 736 serici
484 671 692 760 aperiuntur.

218 768 313 845 Vero
328 781 428 845 etiam
444 779 697 848 evidentissima
709 781 864 869 analogia
881 781 969 847 inter
990 784 1102 847 ambas
1125 782 1233 847 series

134 887 249 970 multis
274 885 395 953 formis
419 889 670 968 manifestatur,
696 904 728 954 et
751 889 940 955 Lichenum
966 893 1130 957 nonnulla
1154 906 1232 956 sunt

135 1019 268 1084 genera,
291 1020 376 1083 quae
389 997 627 1088 Myelomycis,
651 997 904 1088 Gasteromycis
919 1011 982 1061 etc.
1004 995 1233 1063 adnumeran-

135 1106 178 1168 da
202 1118 329 1183 essent,
350 1103 379 1169 si
400 1107 542 1170 thallum
565 1129 635 1172 non
659 1107 835 1174 haberent.
879 1103 936 1171 Sic
956 1128 988 1169 v.
1013 1127 1041 1168 c.
1066 1107 1233 1195 Golicium

135 1209 378 1301 Gastromycus
412 1228 516 1296 esset,
562 1215 590 1280 si
607 1217 755 1301 {thallum
785 1195 1007 1279 verrucosum
1036 1211 1233 1302 gignentem

130 1323 321 1408 propagula
357 1335 390 1385 et
417 1322 484 1386 hoc
515 1321 620 1389 modo
648 1347 684 1388 se
714 1337 957 1413 propagantem
978 1343 1049 1387 non
1077 1322 1231 1386 haberet·

139 1428 350 1517 Opegrapha
374 1443 408 1494 et
438 1432 591 1519 Graphis
615 1432 756 1498 omnino
787 1430 949 1522 deinceps
972 1454 1048 1496 cum
1070 1432 1232 1524 Hystcrio

121 1537 373 1638 cohaererent,
395 1538 423 1602 si
445 1539 570 1604 thallus
591 1554 783 1606 crustaceus
804 1539 848 1604 iis
874 1563 944 1607 non
962 1555 1066 1623 esset,
1092 1556 1124 1606 et
1140 1543 1233 1606 mula

133 1658 167 1708 ta
195 1644 262 1709 alia
285 1644 479 1725 hujusmodi
502 1649 719 1736 reperiuntur
737 1652 903 1738 exempla.
945 1652 1115 1730 Attamen,
1138 1650 1232 1737 quod

132 1750 190 1817 hic
208 1752 293 1832 dixi,
315 1757 422 1820 solam
444 1755 582 1842 respicit
604 1771 780 1820 externam
798 1756 956 1841 figuram,
977 1759 1029 1820 sin
1049 1778 1132 1822 vero
1153 1777 1233 1820 mo-

134 1862 216 1926 dum
247 1860 452 1926 evolationis
485 1876 517 1925 et
542 1862 633 1926 vitae
654 1876 784 1949 tempus
810 1861 1036 1946 inquiramus,
1068 1861 1230 1947 liquebit,

133 1970 301 2036 Lichenes
322 1967 430 2032 nihilo
449 1969 560 2032 minus
589 1970 725 2057 cyclum
755 1967 797 2030 ab
822 1966 883 2032 illo
910 1967 1104 2055 Fungorum
1118 1967 1232 2031 vehe-

133 2093 264 2145 menter
303 2078 549 2165 discrepantem
591 2074 796 2141 constituere
835 2097 961 2162 eosque
990 2073 1112 2138 seriem
1143 2093 1233 2160 pro—

133 2188 243 2278 priam
277 2187 455 2253 evidenter
486 2185 529 2248 ab
563 2183 630 2249 illis
665 2184 900 2272 divergentem
937 2204 1009 2246 esse
1040 2179 1230 2246 habendos.

135 2295 205 2364 Sed
217 2295 317 2384 Algis
338 2315 475 2382 quoque
488 2297 614 2358 multae
629 2290 819 2357 Lichenum
836 2288 966 2356 formae
981 2289 1140 2376 analogas
1158 2309 1231 2352 sesa

134 2404 316 2494 praebent,
337 2399 504 2490 plurimae
531 2406 598 2482 jam
622 2399 772 2479 ratione,
802 2422 870 2486 qua
887 2396 1073 2487 propagulo
1097 2393 1134 2459 in
1160 2407 1230 2459 tota

105 2594 108 2603 Α
135 2511 320 2577 substantia
340 2510 492 2599 dispersa
512 2524 604 2588 sunt,
626 2509 751 2572 multae
774 2522 886 2572 autem
904 2519 977 2571 toto
999 2503 1126 2568 habitu.
1166 2501 1229 2565 ln-

135 2620 305 2686 tuentibus
319 2642 351 2684 v.
369 2641 396 2683 c.
414 2639 539 2704 genera
554 2618 754 2680 Alectort'oc
770 2628 803 2678 et
827 2617 957 2691 Usneae
974 2611 1116 2677 evidens
1130 2605 1230 2673 nobis

137 2730 276 2796 ollertur
301 2740 463 2791 externae
482 2723 613 2790 formae
639 2746 715 2788 cum
736 2721 847 2787 multis
867 2718 1046 2787 Conservis
1064 2714 1231 2804 analogia.

136 2840 211 2905 Hae
233 2838 324 2905 enim
356 2835 516 2918 (Usneae)
548 2832 661 2897 thalli.
678 2827 983 2920 geniculationibus
1016 2829 1074 2894 vel
1103 2823 1234 2890 articu-

137 2949 229 3015 latim
246 2946 375 3012 divisae
395 2966 469 3008 esse
483 2941 652 3009 videntur.
697 2937 812 3003 Genus
831 2938 1036 3001 Romuliana
1050 2937 1234 3024 pluresque

138 3055 268 3146 species
291 3059 458 3120 Borrerac
477 3072 615 3140 prorsus
633 3045 785 3112 habitum
800 3058 920 3134 gerunt
931 3040 1234 3134 Phycoidatorum‚

139 3188 226 3253 quae
261 3178 294 3230 et
330 3158 515 3228 substantia
549 3158 670 3223 crebro
708 3155 862 3222 coriacea
896 3176 972 3218 oum
999 3149 1073 3217 istis
1101 3171 1235 3217 conve-

139 3273 245 3338 niunt.

600 3381 773 3396 Μ

223 3509 392 3592 onoc
430 3464 503 3602 tv,
549 3499 1172 3584 nonannorurnnau.

629 3695 653 3773 l·
695 3691 746 3755 30·
818 3724 821 3730 ·

223 3802 523 3915 Homallophyllae
546 3823 722 3888 transitum
740 3820 887 3886 offerunt
900 3817 1089 3884 Lichenum
1105 3815 1142 3881 in
1159 3815 1238 3882 He-

142 3939 276 4028 palicas.
321 3932 532 4011 Ostendant,
556 3945 592 3996 ut
616 3930 686 4011 illi,
712 3928 870 3997 frondem
889 3932 1086 4019 adpressum
1107 3946 1239 4014 propa-

142 4049 228 4136 gulis
252 4041 416 4108 immersis
438 4064 498 4105 seu
522 4039 575 4103 his
594 4041 780 4119 obtectum,
804 4039 864 4104 sed
879 4038 974 4104 frons
994 4058 1110 4100 earum
1124 4057 1238 4098 mem-

144 4159 345 4231 branaceae,
377 4148 578 4238 conspicuae
614 4148 796 4214 cellulosae
832 4160 882 4211 est
906 4158 1110 4224 structurae,
1143 4139 1239 4230 quali
