2744 4718
590 337 684 461 ll-

88 562 166 607 cum
184 562 292 630 regno
310 539 495 631 vegetabili
514 560 755 629 comparamus.
798 538 879 604 lllae
900 539 1025 604 horum
1049 559 1180 628 regno-

87 671 164 713 rum
195 648 417 716 formationes
449 647 521 714 sine
558 650 627 713 ulla
655 646 867 714 dubitatione
898 645 1179 738 perfectissimae,

89 781 176 844 quae
204 759 387 847 plurimum
413 773 502 823 mter
528 781 564 822 se
596 755 738 837 distent,
771 755 852 820 dum
883 768 1001 820 contra
1027 754 1181 820 infimum

89 863 144 930 sui
173 863 274 953 regni
299 868 413 932 locum
440 878 569 945 tenent,
600 890 685 953 quae
710 877 826 929 mutua
850 851 1008 929 affinitate
1028 863 1118 929 inter
1142 886 1179 957 se

90 974 310 1057 cohaereant3
342 973 435 1062 quod
447 971 590 1060 singulis
606 971 709 1038 etiam
723 971 897 1051 classibus,
919 968 1096 1037 ordinibus
1115 985 1178 1037 etc.

91 1080 294 1170 comparatis
312 1080 559 1162 manifestatur,
581 1079 630 1145 ita
648 1094 685 1145 ut
700 1076 845 1146 fortasse
856 1091 976 1170 'aptam
988 1066 1181 1168 'imaginem

92 1189 156 1254 tibi
176 1189 319 1279 figurare
341 1189 461 1281 possis,
484 1189 515 1255 si
531 1205 599 1255 tres
616 1189 723 1279 fingas
739 1191 844 1254 colles
864 1187 1009 1255 vallibus
1026 1185 1183 1268 disjunc-

90 1311 160 1378 tos,
182 1299 244 1364 sed
261 1299 428 1387 gradatim
447 1298 548 1363 altius
568 1298 716 1388 positos,
738 1317 883 1387 quorum
899 1295 1074 1363 cacumina
1091 1298 1182 1362 clas-

89 1405 177 1469 sium
207 1421 344 1487 centra,
377 1406 439 1472 ubi
467 1427 544 1470 suas
570 1429 728 1494 quaeque
755 1406 870 1473 classis
896 1404 1022 1472 formas
1044 1405 1183 1496 perfec-

88 1512 234 1578 tissimas
258 1512 424 1593 ostendit,
444 1513 596 1592 dejectus
620 1527 733 1577 autem
756 1513 845 1602 radii
869 1538 888 1608 a
913 1529 1030 1582 centro
1053 1516 1183 1582 abeun-

90 1633 143 1692 tes
174 1633 207 1684 et
231 1619 276 1685 ad
302 1621 383 1686 alias
409 1622 533 1686 classes
560 1622 775 1702 accedentes,
807 1623 913 1688 valles
940 1621 1063 1689 deinde
1086 1637 1183 1689 tran-

92 1729 175 1794 situs
197 1727 460 1817 uniuscujusque
482 1729 597 1796 classis
620 1727 658 1794 in
683 1732 846 1795 alteram·
875 1728 984 1814 Quam
1002 1730 1183 1821 imaginem

90 1835 127 1901 in
154 1835 291 1901 ordines
319 1858 456 1926 quoque
480 1851 515 1902 et
536 1834 682 1903 familias
711 1837 896 1904 extendere
926 1841 1054 1930 possis,
1080 1840 1110 1910 si
1144 1841 1183 1908 in

88 1941 171 2037 ipsis
197 1945 342 2011 collibus
360 1945 505 2012 eandem
525 1944 699 2012 fictionem
714 1946 896 2014 iteraturus
921 1947 976 2014 sis.

484 2157 781 2180 m

403 2425 873 2514 CAPUTII.

99 2776 409 2896 ¹Comparatio
454 2776 676 2866 Ordinum
721 2752 1146 2892 Acotyledonearum

231 2921 475 3009 secundum
503 2923 707 3006 transitus
740 2937 783 3005 et
810 2919 1040 3035 analogiae.

577 3308 600 3386 p
645 3305 695 3368 14.
729 3322 737 3337 ·

93 3407 284 3521 Postquam
303 3432 411 3523 igitur
429 3447 498 3500 tres
533 3441 723 3528 plantarum
750 3439 873 3504 classes
898 3408 1050 3505 breviter
1069 3455 1181 3523 expo-

90 3545 156 3629 sui,
177 3545 364 3615 formarum
393 3549 543 3634 illarum,
578 3538 707 3643 quibus¹
731 3553 890 3620 transitus
920 3553 1180 3637 uniuscujusque

91 3656 209 3722 classis
230 3659 267 3723 in
293 3658 432 3721 alteram
454 3661 630 3747 patefiunt,
657 3661 773 3729 habita
793 3661 946 3739 ratione,
974 3683 1063 3730 nunc
1093 3680 1182 3725 con-

91 3761 207 3828 silium
222 3761 372 3862 cepi,·de
392 3765 568 3833 ordinibus
579 3767 709 3858 primae
731 3769 847 3835 classis
862 3771 979 3858 paullo
998 3766 1098 3834 latius
1114 3766 1182 3834 dis-

90 3871 229 3939 serendi
260 3886 294 3938 et
320 3874 546 3958 monstrandi,
577 3877 760 3965 'quomodo
780 3878 824 3943 iis
845 3879 977 3944 collatis
997 3876 1035 3942 hi
1056 3877 1182 3943 transi-

91 3994 146 4046 tus
168 3984 378 4062 revelentur3
400 3997 641 4072 praetereaque
663 4006 800 4074 operam
819 3984 933 4068 dandi,
953 4001 991 4052 ut
1011 3986 1181 4076 analogias

92 4111 113 4152 e
131 4086 275 4156 diversis
304 4089 501 4180 regionibus
523 4093 731 4180 conquiram.
