2744 4718
640 304 736 437 ,ιζ

218 519 418 586 Praesertim
440 520 579 585 veroin
599 523 729 608 plantas
745 522 1013 609 cryptogamicas
1029 544 1144 587 curam
1161 520 1235 587 im·-

135 649 299 714 pensurus
326 631 427 706 sum‘,
449 642 521 692 tum
543 626 622 717 quia
646 629 743 717 quasi
767 628 958 695 rudimenta
976 628 1071 718 regni
1088 646 1233 719 vegeta-
1288 697 1296 710 ,

135 731 214 799 bilis
233 733 368 823 ,primae
394 749 472 801 sunt
499 736 748 826 respiciendae,
776 753 848 804 tum
874 740 953 826 quia
980 739 1081 806 nimis
1107 742 1232 828 longus

135 864 259 922 essem,
281 842 311 906 si
336 856 444 908 totum
470 867 613 933 regnum
641 844 826 914 secundum
847 846 1006 913 transitus
1027 862 1128 936 atque
1146 874 1232 915 ana-

134 950 245 1039 logias
271 972 466 1041 comparare
495 954 648 1018 conarer.
697 957 860 1020 Attamen
886 955 936 1022 ibi
959 981 1095 1046 quoque
1117 983 1173 1024 eas
1194 960 1231 1024 in
1283 953 1292 974 ⁴

133 1059 245 1123 lucem
270 1063 403 1126 trahere
429 1082 501 1126 non
528 1059 695 1143 omittam,
726 1061 786 1129 ubi
813 1060 943 1129 formae
970 1063 1099 1154 prima-e
1130 1068 1231 1146 hujus

135 1167 252 1234 classis
273 1166 393 1236 formis
414 1167 591 1257 utriusque
611 1171 812 1260 posterioris
835 1172 951 1238 classis
969 1176 1187 1265 respondent.

217 1276 295 1366 Ipsa
308 1291 428 1376 *autem
448 1277 674 1368 vegetationis
694 1296 866 1346 momenta
880 1281 1142 1372 respicientibus
1155 1285 1231 1374 pri-

133 1408 227 1451 mum
246 1386 346 1453 nobis
366 1385 394 1453 F
396 1388 478 1477 ungi
495 1389 674 1477 Algaeque
689 1388 888 1474 offeruntur,
909 1413 1054 1480 quorum
1068 1391 1232 1460 differen-

134 1490 182 1561 tia
204 1494 317 1562 statim
336 1495 474 1587 patebit.
525 1508 527 1512 ’

437 1765 604 1840 ORDO
642 1770 673 1842 I.
726 1770 930 1843 FUNGI.

625 1922 649 2000 t.
694 1919 741 1982 1⁵.

217 2023 342 2112 Fungi,
371 2037 408 2088 ut
432 2028 499 2103 jam
528 2046 630 2114 supra
656 2021 790 2103 monui,
824 2036 955 2090 tantum'
972 2026 1008 2091 in
1031 2025 1231 2114 organismis

135 2131 428 2223 languescentibus
450 2146 484 2198 et
506 2131 686 2198 destructis
708 2130 864 2198 oriuntur
871 2159 882 2211 ς
904 2156 1008 2219 quare
1027 2134 1230 2223 praecipuus

136 2265 254 2308 eorum
275 2245 449 2309 character
468 2240 505 2307 in
525 2241 603 2314 nisu
623 2240 892 2332 organismorum
905 2240 1149 2331 reproduotivo
1162 2265 1230 2331 po-

136 2352 268 2416 nendus
290 2366 350 2417 est.
394 2352 485 2441 Ergo
514 2351 557 2416 ad
583 2351 831 2439 vegetationem
851 2351 1126 2440 reproductivam
1147 2375 1229 2440 per-

137 2460 245 2527 tinent
266 2473 300 2525 et
312 2459 569 2551 Hysteropbyta
583 2472 660 2524 sunt
679 2457 827 2524 dicendi.
870 2458 1007 2523 infimae
1023 2481 1140 2525 eorum
1153 2455 1229 2524 for-

137 2593 211 2634 mae
232 2570 326 2657 (ng⁸
338 2570 518 2660 Epiphyu)
538 2569 600 2635 vix
613 2566 678 2632 nisi
694 2569 883 2656 plantarum
898 2583 1010 2656 partes
1025 2566 1061 2631 in
1077 2565 1230 2633 functio-

126 2677 236 2742 'uibus
257 2679 424 2756 turbatae,
456 2699 542 2767 quae
563 2689 659 2740 antea
679 2673 769 2740 vitae
789 2675 972 2764 vegetabili
992 2674 1230 2740 subordinatas

138 2786 387 2875 vegetationem
426 2783 569 2851 liberam
605 2782 871 2850 substantialem*
892 2806 953 2873 per
986 2807 1022 2848 se
1054 2782 1229 2873 incipiunt.

138 2893 361 2961 Perleotiores
383 2909 504 2976 autem,
532 2892 766 2984 praesertime
794 2906 884 2957 terra
904 2891 1084 2973 oriundae,
1111 2906 1231 2980 sponte

141 3009 239 3070 etiam
262 3017 402 3092 possunt
423 3000 548 3068 evolvi.
597 3002 656 3066 Ab
683 3002 747 3067 hac
768 3015 864 3090 parte
885 3000 995 3089 Fungi
1021 3015 1129 3065 totum
1149 3023 1232 3087 reg·-

141 3135 221 3177 num
247 3111 436 3200 vegetabile
457 3108 611 3175 limitant.
655 3107 948 3192 Quemadmodum
968 3108 1003 3172 in
1025 3129 1133 3196 regno
1156 3107 1233 3170 ani-

140 3218 221 3286 mali
248 3242 338 3285 nova
366 3217 470 3284 series
499 3221 540 3284 ab
562 3217 725 3285 Entozois
748 3215 886 3308 incipit,
913 3217 960 3282 ita
981 3217 1018 3282 in
1038 3238 1145 3304 regno
1166 3239 1233 3282 ve-
1266 3217 1278 3226 “

141 3328 277 3418 getabili
296 3350 386 3393 nova
403 3325 538 3392 initium
559 3319 654 3391 discit
674 3327 778 3392 series
800 3327 819 3390 a
847 3325 989 3415 Fungis3
1022 3324 1115 3412 quod
1135 3321 1233 3388 Iniu-

142 3438 233 3503 soria
253 3436 341 3502 inter
356 3436 435 3518 illa,
455 3435 493 3501 id
513 3435 735 3502 Mucedineae
755 3437 844 3500 inter
859 3435 1012 3524 Fungos3
1035 3455 1139 3520 quare
1156 3451 1232 3495 om-

142 3569 202 3612 nes
235 3544 355 3637 stirpes
382 3545 419 3611 in
455 3544 683 3619 infusionibus
712 3567 785 3610 sese
813 3542 994 3610 offerentes
1020 3539 1131 3629 Fungi
1156 3549 1233 3604 suut

141 3653 348 3743 minimeque
368 3655 478 3743 Algae
497 3655 539 3740 ἢ.

210 3821 240 3880 ’)
258 3819 395 3886 Attamen,
421 3816 500 3888 Algos
525 3831 633 3888 quoque
646 3833 772 3892 novam¹
783 3814 959 3887 vegetationis
979 3813 1076 3868 seriem
1089 3809 1235 3882 incipere,

144 3912 255 3967 omnino
274 3911 446 3984 probandum
463 3920 517 3979 est,
531 3926 615 3982 «prum
633 3909 884 3982 impatientissimae
902 3928 998 3965 earum
1016 3908 1119 3964 formae
1135 3904 1238 3979 partim

144 4007 398 4081 crystallisationem
421 4007 448 4059 vi
470 4005 638 4060 attractionis
665 4007 851 4061 tantummodo
875 4006 1017 4076 effectam,
1042 4004 1145 4077 partim
1162 4011 1240 4058 motu

144 4102 189 4157 vix
207 4101 316 4173 quidem
334 4112 483 4174 spontaneo
502 4103 622 4157 Entozoa
640 4101 670 4156 in
688 4113 805 4158 mentem
824 4113 933 4171 vocant.
