2744 4718
631 304 730 427 At.

134 507 277 575 formata
303 505 608 576 animadvertimus.
653 508 908 600 Simplicissima
923 511 983 575 illa
1000 513 1226 601 vegetationis

133 615 395 706 reproductivae
416 616 539 698 forma,
559 641 624 706 qua
646 617 750 684 series
772 618 1026 708 Mycetoideum
1041 621 1227 705 adscendit,

135 748 211 790 cum
230 726 359 815 polline
380 724 559 815 insiguiter
579 724 756 792 consentit.
799 725 934 792 Etenim
946 724 1138 795 infimarum
1149 731 1228 800 for·
1295 751 1302 761 ‘

133 854 263 898 marum
283 833 435 923 sporidia
452 857 574 902 revera
590 848 667 899 sunt
677 837 795 924 pollen
808 833 845 900 in
867 848 954 907 statu
971 839 1133 906 morboso
1145 864 1178 907 v.
1196 866 1227 908 c.

139 941 249 1007 Uredc
282 943 526 1008 Antherorum.
577 933 735 1032 Sporidia
764 943 1008 1034 perfectiorum
1031 946 1229 1038 Fungorum

133 1046 254 1113 itidem
286 1050 428 1115 cellulae
461 1047 626 1116 discretae
655 1065 749 1134 sunt,
782 1076 869 1141 quae
896 1075 968 1129 non
995 1076 1074 1121 raro
1094 1054 1131 1121 in
1151 1057 1229 1125 aliis

134 1149 266 1241 cellulis
288 1154 660 1247 (ascistincluduntur.

621 1435 645 1518 t.
689 1433 738 1501 17.

216 1587 364 1658 Simulac
396 1591 543 1681 primum
570 1595 663 1661 nisus
689 1597 951 1686 reproductivus
978 1598 1021 1664 ad
1040 1595 1230 1687 perfectio-

134 1722 206 1765 rem
226 1698 369 1788 gradum
385 1700 621 1789 progreditur,
643 1703 795 1790 globuli,
824 1729 925 1794 supra
946 1704 1103 1794 Sporidia
1123 1703 1231 1801 dicti5

133 1805 320 1896 pedicellos
341 1806 532 1887 ostendunt,
555 1807 614 1894 qui
633 1809 794 1896 paulatim
814 1810 988 1898 longiores
1000 1812 1094 1888 fiunt,
1116 1812 1226 1877 donec

134 1914 258 1980 abeunt
284 1912 323 1979 in
346 1912 414 1978 fila.
456 1912 525 1979 Ista
543 1913 601 1979 fila
620 1914 753 1993 tenuia,
775 1917 946 2004 elongata,
973 1919 1031 1980 vel
1058 1913 1226 2004 simplicia

133 2025 190 2092 vel
209 2043 364 2102 ramosa,
385 2044 405 2085 e
426 2019 558 2087 cellulis
576 2016 745 2108 contiguis
762 2024 950 2111 composita
967 2026 1078 2090 Flacci
1091 2045 1226 2089 vocan-
1299 2110 1301 2114 g

132 2145 197 2197 tur.
251 2129 382 2195 Eadem
404 2128 537 2196 ratione
556 2125 799 2219 perfectiorum
819 2133 1009 2219 plantarum
1030 2132 1167 2197 cellulas
1189 2130 1226 2195 in

135 2237 348 2329 superficiem
368 2237 522 2327 elongari
544 2235 635 2317 min
655 2233 744 2327 pilos
767 2261 940 2331 ecrescere
959 2237 1125 2304 videmus.
1169 2236 1227 2303 Sic

134 2349 273 2418 infimae
291 2345 514 2416 Mucedineae
537 2344 587 2410 nil
607 2344 675 2410 nisi
694 2346 883 2435 plantarum
903 2344 966 2436 pili
987 2346 1118 2411 suntin
1139 2360 1227 2410 statu

134 2458 297 2525 morboso
322 2480 355 2523 v.
382 2479 410 2521 c.
444 2456 629 2546 Phyllcrio.
680 2450 907 2518 Perfectiores
938 2451 1086 2534 formae,
1110 2456 1226 2541 quales

134 2564 254 2658 Byssi‚
281 2563 390 2629 libere
412 2564 634 2645 evolvuntur,
666 2575 700 2627 et
726 2575 867 2651 propter
893 2576 1079 2627 structurae
1107 2565 1226 2627 analo-

135 2675 227 2766 giam
247 2699 266 2739 a
287 2675 350 2738 cel.
386 2671 517 2738 'Neesio
537 2673 572 2757 ⁹³⁶)
593 2673 715 2760 Algos
741 2677 861 2734 aereae
875 2669 1098 2734 nominantur.
1140 2669 1228 2735 Per-

135 2779 338 2850 fectissimae
366 2782 466 2860 hujus
501 2777 662 2846 sectionis
691 2779 744 2863 (v.
766 2801 815 2868 gr.
837 2781 1078 2866 Aspergillus,
1109 2780 1229 2843 Acro-'

137 2894 307 2980 spurium,
339 2889 483 2954 Stilbum
510 2891 594 2976 etc.)
621 2885 749 2977 pistillo
774 2889 963 2976 plantarum
992 2885 1148 2952 altiorum
1168 2910 1229 2950 re-

137 2995 320 3091 spondent,
355 2994 450 3084 quo'd
477 3011 675 3062 contextum
708 2997 907 3061 cellulosum
928 3009 1115 3102 'praeterea
1138 3011 1229 3060 ‘vero

137 3109 274 3176 vasibus
308 3104 489 3194 spiralibus
526 3108 703 3185 trajectum
739 3101 900 3184 includit3
945 3103 1079 3189 infimae
1119 3116 1231 3168 autem

138 3223 190 3305 (v.
221 3241 270 3306 gr.
302 3217 449 3291 Thoria,
482 3211 640 3299 Rubigo)
669 3209 815 3298 stigmati
846 3209 955 3276 sessili
984 3209 1120 3276 similes.
1161 3209 1231 3277 Su-

138 3325 291 3418 periores
327 3320 458 3389 formae
497 3322 598 3387 etiam
629 3317 811 3384 inferiores
845 3319 1039 3399 continent,
1082 3317 1231 3408 indeque
1277 3352 1281 3359 ·

139 3434 262 3501 iterum
296 3433 333 3496 in
366 3427 584 3517 sequentibus
614 3440 804 3494 occurrunt.
854 3426 910 3494 Sic
938 3426 1032 3494 circa
1057 3429 1143 3493 haec
1173 3428 1230 3493 fila

139 3563 282 3609 massam
303 3537 517 3627 granulosam
537 3533 830 3627 ¹inexplicabiliter
850 3533 892 3600 iis
914 3537 1154 3602 adhaerentem
1172 3532 1230 3600 ui-

140 3649 274 3727 demus,
301 3668 408 3734 equa
427 3642 648 3711 Mucedineae
669 3644 712 3710 ad
741 3642 973 3713 evolutionem
993 3643 1234 3736 perfectiorem

142 3755 361 3827 adscendunt.

138 3951 345 3972 m

210 4066 240 4136 l)
258 4077 325 4131 Nm
341 4092 371 4127 v·
391 4071 501 4128 Esenbet
518 4069 624 4142 system
642 4072 692 4128 der
710 4072 783 4129 Pilue
801 4080 852 4125 ete.
871 4090 899 4144 p.
918 4070 962 4123 39.
