2744 4718
731 311 781 386 58

208 535 263 576 ma
282 527 423 579 naturae
455 536 638 603 congruum
671 515 831 606 componi
859 534 970 603 posse.
1016 512 1142 580 Omnes
1164 515 1308 580 charac-

207 633 316 701 teres,
339 643 424 710 quos
445 623 620 712 bucusque
641 624 692 689 rei
714 625 894 689 herbariae
917 620 1099 712 scriptores
1121 623 1165 687 ad
1187 625 1308 689 classi-

206 726 376 793 ficaudum
398 732 580 813 sumebant,
601 731 763 821 plurimas
779 732 959 797 admittunt
976 732 1207 821 exceptiones,
1221 757 1308 820 qua-

207 839 257 901 les
278 836 426 903 vidimus
449 864 481 906 v.
505 864 533 905 c.
556 839 593 903 in
618 842 865 930 vegetabilibus
903 838 1144 904 distribuendis
1182 863 1308 905 secun-

207 943 289 1008 dum
311 946 552 1035 cotyledones,
581 972 648 1035 qua
678 948 917 1015 distributione
939 947 1063 1037 plantis
1084 946 1308 1038 Acotyledo-

207 1052 281 1118 ueis
309 1055 580 1140 adnumerantur,
603 1084 689 1148 quae
709 1055 972 1146 cotyledonibus
994 1059 1207 1146 germinent,
1225 1056 1308 1123 dum

205 1161 242 1227 in
264 1162 567 1254 imperfectissimis
584 1165 994 1256 Monocotyledonearum
1015 1166 1072 1232 bic
1093 1165 1309 1255 germinandi

205 1270 326 1337 modus
352 1271 415 1339 vix
447 1289 504 1339 aut
525 1275 664 1343 omuino
685 1298 755 1341 non
782 1274 980 1364 reperiatur.
1033 1276 1171 1339 Nullum
1201 1275 1309 1366 igitur

205 1393 399 1446 nostrorum
427 1396 646 1471 systematum
675 1381 895 1462 naturalium,
926 1407 1012 1470 quae
1034 1382 1161 1464 dicunt,
1183 1383 1308 1452 merito

205 1501 343 1554 naturae
376 1488 553 1557 conforme
586 1491 657 1557 dici
692 1506 819 1581 potest,
852 1506 885 1556 et
916 1494 1026 1557 solum
1046 1492 1134 1558 illud
1156 1507 1303 1583 systema

203 1597 271 1662 hoo
309 1597 448 1664 nomine
487 1599 628 1688 dignum
664 1599 772 1681 foret,
815 1601 910 1688 quod
938 1599 1043 1665 variis
1081 1598 1304 1667 distribuendi

202 1703 389 1771 rationibus
421 1707 614 1774 multifariis
635 1702 945 1775 modificationibus
978 1708 1014 1772 in
1037 1705 1181 1773 diversis
1202 1723 1309 1793 natu-

202 1838 262 1879 rae
287 1813 531 1881 formationum
564 1815 730 1919 seriebus⁸
755 1814 867 1879 obviis
891 1815 1121 1900 responderet.
1180 1815 1310 1894 Cujus-

202 1921 298 1990 modi
316 1945 401 1989 vero
432 1921 640 1997 divisionem
668 1920 896 2011 spectantibus
922 1922 1014 1985 nulla
1031 1920 1227 1987 conditione
1241 1945 1308 1991 or-

205 2055 298 2120 gana
293 2035 436 2096 tantum
448 2044 589 2094 externa
604 2028 767 2095 sumenda
785 2044 872 2110 sunt,
894 2026 955 2094 sed
975 2027 1074 2115 simul
1092 2043 1126 2094 et
1145 2030 1308 2121 interno-

202 2163 279 2205 rum
303 2140 391 2206 ratio
413 2136 576 2227 habenda
590 2149 657 2226 est3
679 2137 860 2227 quoniam
860 2151 980 2203 natura
998 2102 1103 2202 modo
1125 2136 1178 2203 his
1195 2112 1309 2207 modo

202 2245 273 2312 illis
295 2247 454 2313 transitus
480 2260 581 2334 atque
611 2245 784 2336 analogias
803 2245 1004 2311 manifestat.
1047 2245 1139 2310 Tum
1167 2243 1305 2329 demum

203 2354 301 2423 nobis
322 2370 468 2446 systema
493 2369 633 2423 naturae
655 2354 806 2419 seriebus
829 2351 1110 2418 accommodandi
1133 2353 1212 2441 data
1238 2354 1299 2417 erit

202 2461 356 2543 facultas,
379 2487 457 2529 cum
479 2477 679 2553 perpetuam
705 2485 843 2552 operam
873 2460 984 2529 daturi
1002 2484 1133 2541 sumus,
1163 2476 1200 2525 ut
1224 2485 1302 2527 om<-¹

203 2569 261 2636 nia
285 2571 486 2638 transituum
507 2585 680 2637 momenta
708 2568 925 2651 recludamus
953 2582 986 2635 et
1012 2569 1079 2634 hoc
1103 2567 1207 2633 modo
1224 2567 1302 2635 afli÷

203 2677 324 2745 nitates
349 2680 552 2745 naturales
542 2705 579 2745 m
600 2683 712 2745 lucem
742 2676 965 2769 proferamus

285 2787 496 2876 Quamquam
515 2788 711 2911 hujusmodi
734 2813 854 2856 verum
872 2800 1017 2875 systema
1036 2758 1187 2848 naturale
1206 2803 1304 2846 sum-

203 2894 251 2960 mi
286 2911 337 2962 est
371 2896 536 2962 momenti
572 2912 606 2962 et
629 2896 665 2963 in
693 2896 766 2963 dies
795 2894 902 2986 magis
930 2891 1154 2970 desideratur,
1188 2905 1302 2954 tamen

204 3004 284 3070 hinc
314 3027 384 3070 non
406 3005 578 3093 sequitur,
610 3020 808 3098 systemata,
838 3028 924 3092 quae
948 3002 1083 3080 adsunt,
1116 3022 1201 3065 vana
1226 3021 1301 3063 esse

205 3137 243 3178 ac
267 3111 487 3202 repudianda·
529 3116 674 3182 Prorsus
691 3113 902 3181 necessarius
921 3126 970 3177 est
986 3110 1101 3187 index,
1123 3129 1192 3195 quo
1212 3104 1296 3170 duce

204 3220 341 3287 facilior
362 3219 463 3286 nobis
491 3222 549 3301 fiat
577 3240 777 3317 conspectus
809 3238 859 3289 tot
891 3220 1132 3291 formationum
1162 3228 1299 3279 naturae

203 3329 399 3419 vegetantis.
446 3331 494 3400 Ut
520 3355 604 3399 vero
637 3332 695 3399 ille
725 3331 833 3399 iudex
858 3345 907 3395 est
937 3325 1217 3418 simplicissimus,
1252 3321 1300 3386 ita

119 3508 122 3515 ,
206 3453 405 3529 conspectus
428 3454 478 3504 est
497 3439 687 3507 facillimus.
732 3440 844 3524 Quare
865 3453 1012 3530 systema
1037 3462 1056 3500 a
1076 3434 1189 3502 Celeb.
1212 3427 1301 3495 Viro

204 3551 356 3613 tassiano
386 3549 626 3640 compositum,
656 3551 698 3615 ab
721 3547 796 3614 aliis
818 3570 902 3615 vero
926 3547 976 3611 rei
993 3541 1171 3610 herbariae
1190 3537 1303 3628 scrip—

205 3656 336 3722 toribus
357 3656 512 3748 inprimis
540 3682 559 3722 a
588 3658 676 3724 (ilar.
700 3657 742 3720 V.
768 3655 808 3719 V.
842 3654 1077 3730 DecandolliO,
1113 3653 1154 3712 R.
1181 3649 1303 3710 Broto-

206 3768 261 3831 nio
290 3780 352 3830 etc.
395 3780 547 3845 auctum,
571 3764 613 3830 ad
633 3769 763 3855 plantas
798 3762 1002 3831 ordinandas
1031 3774 1064 3824 et
1092 3753 1305 3821 definiendas

205 3873 306 3937 valde
322 3873 483 3938 idoneum
501 3873 649 3962 ideoque
667 3871 983 3940 commendandum.
1021 3867 1090 3935 Sed
1107 3879 1144 3929 ut
1164 3863 1305 3927 schema

206 3979 491 4070 simplicissimum
524 4005 658 4068 semper
691 3983 802 4046 adhuc
836 3979 983 4045 maxime
1016 3972 1223 4042 laudandum
1250 3985 1304 4035 est

206 4102 352 4176 systema
377 4091 513 4155 sexuale
534 4092 662 4157 Summi
688 4090 771 4157 Rev.
797 4089 837 4153 V.
861 4091 1023 4168 Liparaei,
1052 4083 1145 4174 quod
1168 4097 1201 4146 01
1223 4103 1306 4145 om-
