2744 4718
738 295 817 416 56·

213 496 339 562 Charus
376 493 475 560 altius
511 496 752 578 locaverimus‚
785 523 854 567 non
884 504 1047 591 estquod
1079 506 1311 595 repudiemus.

210 605 332 669 Nonne
360 616 394 667 et
415 626 471 668 eas
491 601 693 672 inferiorum
713 612 903 698 plantarum
924 609 1147 681 formationes
1168 615 1205 683 iu
1225 643 1312 709 per-

210 710 409 780 fectioribus
430 710 565 778 iteratas
593 715 723 785 habere
742 722 948 810 possumus?

692 957 715 1035 t.
766 956 816 1019 59.

290 1086 375 1154 Sunt
402 1088 561 1171 sortasse,
591 1091 712 1181 quibus
748 1092 876 1161 Charae
897 1098 988 1162 htrnc
1015 1101 1128 1164 locum
1150 1100 1309 1168 obtinere

207 1218 306 1284 posse
327 1219 397 1262 non
418 1196 607 1278 rideantur,
630 1224 705 1265 cum
728 1205 864 1293 organis
885 1203 1058 1291 prioribus
1076 1205 1112 1269 in
1127 1208 1306 1277 ordinibus

151 1300 156 1314 ’
206 1301 366 1385 Filicum,
403 1308 753 1399 Lycopodeacearum
789 1325 821 1375 et
861 1310 1160 1399 Equisetacearum
1191 1317 1304 1385 obviis

206 1436 239 1479 v.
269 1437 297 1479 c.
332 1414 470 1482 vasibus
495 1415 757 1506 perfectioribus
785 1434 937 1500 careant,
966 1422 1027 1487 sed
1055 1420 1091 1486 id
1113 1438 1242 1491 tantum
1268 1426 1304 1492 in

203 1521 403 1589 memoriam
424 1548 642 1606 revocemus,
665 1525 846 1615 quodiam
869 1552 969 1618 supra
992 1532 1127 1614 monui,
1150 1548 1300 1601 naturam

204 1631 309 1730 series
341 1656 418 1698 suas
449 1655 520 1699 non
547 1634 647 1698 aliam
676 1659 779 1725 super
811 1636 877 1702 alia
900 1637 1075 1725 posuisse,
1108 1642 1168 1705 sed
1190 1642 1303 1730 potius

204 1762 224 1802 a
245 1754 362 1805 centro
389 1742 539 1827 quodam
564 1767 619 1807 eas
646 1741 803 1808 omnibns
829 1743 975 1809 diversis
995 1745 1032 1809 in
1046 1747 1110 1812 viis
1126 1750 1303 1834 perficere,

201 1842 250 1910 ita
268 1861 304 1910 ut
327 1845 365 1909 in
384 1846 535 1911 seriebus
551 1848 754 1935 generaliter
774 1846 1034 1934 perfectioribus
1056 1875 1156 1938 saepe
1177 1852 1303 1922 iteruin

203 1979 221 2020 a
254 1952 373 2020 formis
402 1952 561 2042 incipiat,
592 1978 679 2041 qnae
707 1952 860 2041 singulae
892 1955 935 2019 ad
956 1956 1176 2045 perfectiores
1198 1960 1303 2027 seriei

200 2060 462 2152 imperfectioris
489 2061 688 2153 pertineant.
738 2060 815 2145 Qua
846 2062 979 2127 ratione
1002 2062 1127 2129 Charas
1148 2066 1301 2133 medium

201 2194 273 2237 esse
295 2185 442 2237 statuens
463 2172 557 2237 illam
579 2195 696 2237 earum
716 2169 922 2236 locationem
943 2192 1013 2235 non
1032 2171 1174 2260 amplius
1199 2178 1301 2264 inep-

200 2293 269 2346 tam
291 2280 395 2362 dicas,
418 2304 496 2345 cum
518 2295 551 2345 et
565 2278 975 2370 Monocotyledonearum
994 2279 1108 2343 classis
1129 2276 1300 2345 interim-

199 2386 421 2477 perfectiores
449 2387 577 2454 formas
602 2389 722 2456 offerat
740 2390 880 2479 plantas,
904 2411 990 2475 quae
1012 2409 1082 2453 non
1103 2387 1213 2453 minus
1233 2415 1296 2456 va-

199 2495 292 2561 sibus
320 2496 486 2586 spralibus
517 2512 660 2563 careant.
714 2494 919 2577 Hujusmodi
954 2488 1030 2562 sunt
1066 2521 1189 2586 genera
1225 2502 1293 2565 Zo-

200 2621 310 2671 steroe
334 2620 367 2671 et
388 2609 551 2689 Lamnae,
576 2620 609 2670 et
629 2630 754 2694 genera
773 2606 1004 2687 callitriches,
1028 2608 1298 2695 Potontogett'*),

205 2806 403 2819 -u-

268 2926 297 2986 “)
316 2926 410 2994 Falso,
435 2937 466 2981 ut
485 2929 550 2982 mihi
570 2927 687 2993 videtur,
706 2925 759 2979 boc
776 2924 924 2980 verbuma
950 2908 1182 2988 aoreuonetrev
1190 2956 1202 2988 ,
1231 2933 1301 2982 croc

199 3020 321 3089 ducitur,
341 3021 406 3093 quia
425 3038 518 3076 omnes
537 3025 655 3095 plantae,
675 3020 773 3093 quibus
791 3020 845 3073 hoc
862 3040 971 3088 nomen,
990 3039 1047 3075 naa
1066 3019 1228 3091 adaquant,
1248 3020 1298 3073 sed

177 3112 228 3168 'in
254 3116 313 3187 ipsa
337 3132 409 3186 aqua
431 3129 590 3173 nascuntur.
632 3118 728 3170 Nonne
753 3117 841 3188 aptius
858 3118 1041 3189 compositum
1056 3113 1153 3169 baberi
1171 3124 1297 3188 potesta

198 3212 513 3293 edrapoeettdjeetivo
520 3225 624 3281 verbali
634 3214 706 3286 γετί
710 3223 824 3285 ς(εἱοιιιί
835 3213 1007 3297 ὑδρόγετον,
1019 3212 1298 3287 tritinsium),

198 3339 260 3374 cum
278 3321 331 3372 hoc
349 3320 508 3385 adjectivum
527 3321 553 3374 id
568 3321 656 3393 ipsum
675 3317 817 3389 significet,
838 3321 911 3392 quod
925 3336 1005 3373 ortua.
1015 3324 1141 3372 oriundus
1154 3329 1180 3371 et
1193 3337 1297 3373 nomeu

198 3417 237 3468 sic
255 3415 362 3486 plantae
381 3415 466 3487 tnagis
485 3412 670 3487 respondeat?
710 3415 781 3468 Tum
797 3432 864 3468 vero
882 3415 1035 3486 penultima
1053 3414 1215 3486 corripitur,
1234 3415 1297 3469 Ge-

198 3510 298 3563 nitivus
323 3508 459 3562 formatur
482 3508 510 3562 in
536 3514 546 3560 ι·
570 3517 597 3559 et
619 3508 734 3563 Pluralis
753 3510 781 3563 in
801 3533 827 3563 a.
871 3511 932 3565 Non
951 3519 1124 3583 opponatur,
1149 3512 1204 3577 jam
1221 3510 1295 3583 apud

197 3606 313 3671 majores
339 3604 380 3656 rei
404 3601 546 3657 herberiae
572 3602 719 3674 scriptores
736 3624 834 3661 vocam
852 3607 899 3661 itta
917 3606 1080 3660 formatione
1099 3604 1209 3659 obviam
1228 3623 1297 3660 asse.

197 3698 318 3753 Primum
337 3704 505 3752 Dion-criden
526 3698 590 3752 buic
609 3700 716 3770 plantae
736 3720 836 3756 nornen
855 3701 921 3755 ittud
940 3699 1045 3767 indidit,
1066 3708 1191 3771 atquem
1211 3720 1298 3773 saepe

197 3793 273 3847 illurn
293 3795 401 3865 linguae
420 3812 535 3866 graecae
559 3814 613 3849 non
630 3797 693 3850 satis
711 3797 828 3867 peritum
841 3808 887 3852 aut
900 3797 1012 3851 vocibus
1025 3798 1059 3851 ab
1073 3796 1191 3869 antiquis
1202 3797 1299 3869 scrip·

197 3889 304 3942 toribus
321 3893 374 3957 jani
393 3892 511 3958 usitatis,
541 3893 607 3945 saiso
634 3910 712 3945 utum
731 3910 787 3945 esse
806 3910 853 3947 seu
879 3912 962 3948 novas
981 3912 1036 3947 non
1056 3894 1126 3947 bene
1145 3912 1160 3947 a
1180 3894 1299 3948 vocibus

197 3982 338 4053 primitivis
357 3983 469 4053 duxisse,
496 3991 547 4053 jam
567 3988 639 4041 (Πᾶν.
660 3990 832 4057 Sprengelt'ut
849 3989 877 4042 in
896 3995 1020 4042 Historia
1037 4005 1086 4042 sua
1105 3996 1144 4042 rei
1155 3992 1297 4042 lin-dariae

198 4089 363 4131 monstravit.
