2744 4718
643 288 741 409 ’2-0-

145 488 280 578 pendet,
297 511 397 577 quem
416 491 618 557 elementum
631 496 733 581 (aqua
746 516 771 557 s.
792 495 864 577 a'e‘r)
882 491 924 559 iis
938 491 1101 558 tributum
1115 493 1151 558 in
1161 494 1241 560 for-

144 597 328 662 mationem
349 612 497 664 exercet.
540 598 643 682 Quod
664 624 765 689 supra
790 600 881 683 dixi,
913 605 1097 668 nonnullos
1116 603 1240 694 fungos

144 725 164 766 e
180 701 246 769 filis
265 703 519 773 confervoideis
540 701 635 789 oriri,
656 731 727 774 non
749 733 848 775 sensu
870 711 988 778 stricto
1010 711 1072 777 sed
1094 714 1240 803 symbo-

143 811 211 877 lice
233 827 360 878 tantum
385 812 529 897 dictum3
553 814 613 881 illa
629 818 719 883 enim
734 820 792 884 fila
804 822 899 887 nullo
916 822 1022 888 modo
1033 814 1137 888 uerae
1151 845 1239 888 con-

142 919 275 1014 servae,
296 921 358 987 sed
378 920 548 991 conservis
574 930 717 1016 analoga
743 942 828 993 sunt.
854 927 945 1023 'Etsi
965 922 1079 1019 Algae
1099 930 1136 994 in
1154 928 1238 995 fun-

141 1051 204 1118 gos
225 1027 521 1114 transformantur,
554 1033 649 1122 quod
669 1059 749 1101 raro
771 1050 883 1103 tamen
910 1037 1078 1120 occurrit,
1101 1041 1237 1104 metha-

141 1136 334 1226 morphosis
362 1136 439 1219 illa,
466 1139 568 1207 sicuti
592 1143 682 1232 apud
706 1143 837 1232 reliqua
860 1134 1006 1236 corpora
1013 1145 1236 1248 ,vegetabilia'

141 1246 316 1312 elementis
359 1263 437 1336 post
471 1251 699 1338 organismum
736 1253 937 1321 dissolutum
973 1276 1065 1322 nova
1102 1257 1236 1323 ratione

140 1355 328 1436 conjunctis
352 1355 503 1424 efficitur.
542 1399 546 1407 ·

643 1487 848 1636 l·23·¹

221 1683 348 1748 Eadem
376 1685 526 1767 ratione,
555 1711 621 1775 qua
638 1686 748 1774 Fungi
759 1710 883 1755 novam
902 1692 1089 1777 plantarum
1110 1691 1232 1755 seriem

138 1790 305 1881 incipiunt
326 1809 360 1857 et
384 1818 459 1859 cum
481 1791 643 1858 Entozois
663 1794 822 1870 comerri,
838 1798 910 1871 vel,
934 1812 969 1857 ut
985 1819 1108 1878 graeco
1123 1801 1230 1862 verbo

138 1914 222 1981 utar,
250 1899 540 1989 παραλληλίξεσιθαι
561 1913 718 1987 possunt,
741 1898 783 1961 de
804 1897 906 1984 Algis
929 1921 1064 1986 quoque
1093 1904 1227 1967 ostendi

134 2024 262 2098 potest,
290 2034 345 2074 eas
372 2035 392 2073 a
417 2021 533 2074 centro
562 2005 629 2071 alio
655 2003 789 2069 initium
823 2029 934 2073 novae
966 2005 1067 2075 seriei
1097 1991 1227 2094 facere,

138 2142 216 2184 cum
241 2119 376 2184 infimae
397 2138 512 2182 earum
538 2111 668 2179 formae
688 2117 738 2200 (v.
771 2136 800 2179 u
827 2116 1125 2206 Homologonato)
1154 2119 1230 2185 for-

137 2229 286 2294 matione
307 2216 570 2317 crystallinaque
592 2201 810 2287 sua'textura
828 2224 870 2287 ab
885 2248 950 2288 una
968 2238 1063 2313 parte
1077 2223 1231 2290 Mineru-

107 2319 244 2415 -libus,
267 2349 361 2399 motu
383 2332 467 2411 verb
489 2328 709 2421 imperfecto,
738 2354 838 2418 quem
863 2355 944 2419 prae
967 2355 1003 2395 se
1029 2328 1157 2412 ferunt,
1185 2336 1228 2397 ab

136 2445 240 2508 altera
267 2455 363 2530 parte
397 2437 576 2506 infusoriis
607 2454 640 2505 et
665 2438 805 2528 Polypis
830 2438 1116 2529 appropinquent,
1147 2439 1226 2505 dum

136 2551 221 2615 aliae
249 2551 369 2633 harum
396 2547 598 2615 inferiorum
625 2546 810 2615 formarum
839 2549 1140 2636 (Tremelloidota)
1171 2574 1226 2615 eas

135 2684 211 2724 cum
242 2658 366 2746 Fungis
393 2656 533 2724 uterinis
575 2660 796 2744 conjungunt,
833 2680 899 2745 qua
932 2652 1169 2736 conjunctione
1195 2673 1228 2723 et

44 2786 47 2791 ·
134 2769 331 2858 Fungorum
351 2765 455 2833 series
472 2762 724 2853 quodammodo
740 2787 816 2830 cum
832 2754 1111 2852 utroqne'lrorum
1127 2781 1229 2831 natu-

132 2901 191 2942 rae
204 2900 381 2966 regnorum
403 2873 569 2939 indirecte
591 2875 761 2939 cohaeret.

216 2983 346 3068 Quibus
369 3008 388 3048 e
409 2981 668 3049 formationibus
691 2983 776 3046 haec
801 2983 956 3070 exempla
981 2995 1097 3046 notatu
1123 2979 1228 3070 digna

133 3096 326 3184 prolaturus
346 3115 428 3155 sum.
473 3089 617 3156 Generis
641 3093 845 3155 Diatomatis
867 3089 996 3180 species
1018 3090 1075 3154 fila
1096 3088 1229 3154 articu-

134 3216 202 3293 lata
222 3212 423 3278 monstrant,
453 3200 569 3288 plana,
587 3197 770 3288 simplicia,
795 3196 1083 3288 crystallifcrmia,
1104 3197 1229 3264 imme-

134 3308 225 3374 diate
251 3310 422 3398 copulata,
440 3305 577 3371 tandem
592 3304 741 3371 articulis
758 3307 875 3373 solutis
893 3309 1016 3396 angulo
1038 3307 1228 3372 alternatim

135 3415 402 3485 cohaerentibus.
445 3414 505 3481 Ad
523 3437 665 3501 regnum
693 3412 927 3503 inorganicum
939 3412 1068 3480 fabrica
1082 3419 1228 3505 crystal-

135 3525 264 3593 liformi
295 3524 478 3603 accedunt,
508 3523 567 3588 sed
594 3521 674 3586 inde
698 3519 856 3588 differunt
884 3525 921 3590 vi
944 3548 997 3604 ea,
1023 3548 1096 3589 sese
1118 3546 1228 3612 copu-

135 3635 238 3698 landi.
278 3635 313 3698 A
336 3655 442 3723 regno
467 3629 604 3698 animali
624 3629 795 3710 recedunt,
816 3628 985 3719 siquidem
1008 3633 1102 3697 omni
1118 3655 1229 3721 spon-

132 3715 233 3825 lanea
262 3766 336 3807 sese
368 3739 530 3807 movendi
561 3737 718 3804 facultate
750 3739 851 3828 plane
886 3738 1118 3807 destituuntur.
1167 3739 1228 3805 Ad

135 3877 275 3940 regnum
298 3850 403 3941 igitur
427 3848 615 3940 vegetabile
637 3846 848 3937 potissimum
875 3848 1046 3938 pertinere
1067 3847 1228 3915 videntur

137 3977 271 4028 etcum
295 3958 563 4053 Zygnemotibus
590 3955 728 4047 quidem
756 3955 804 4022 ita
836 3956 1059 4038 consentiunt,
1086 3971 1123 4021 ut
1152 3981 1226 4023 sese

138 4071 346 4158 aliquatenus
370 4068 547 4157 copulent,
575 4087 645 4131 non
677 4081 789 4131 tamen
812 4065 974 4148 mediate,
1001 4090 1063 4156 per
1090 4066 1226 4132 tubulos
