2744 4718
194 517 287 584 tione
308 534 420 585 autem
438 519 684 612 Cotyledoneis
702 519 989 623 appropinquent,¹
1006 523 1157 591 medium
1173 536 1291 590 tenent

193 625 283 692 inter
301 630 414 694 ambas
435 629 511 694 illas
535 627 778 718 vegetabilium
789 629 1006 717 partitiones3
1026 646 1059 697 et
1072 632 1195 699 Filices
1208 634 1291 722 qui-

196 735 274 802 dem
295 733 540 824 Cotyledoneis
560 734 734 825 proximas
760 740 852 816 esse,
880 733 956 800 aliis
983 761 1120 825 quoque
1142 738 1291 803 rationi-

198 844 257 905 bus
281 841 513 924 confirmatur,
536 843 696 931 quoniam
723 843 926 934 praesertim
951 845 1088 913 vasibus
1111 845 1149 912 in
1175 869 1291 911 earum

196 961 363 1014 structura
390 948 537 1040 primum
569 951 681 1018 obviis
713 949 995 1043 Acotyledoneas
1028 976 1105 1019 cum
1132 953 1175 1019 iis
1202 975 1294 1020 con-

196 1062 350 1144 jungunt.

694 1259 717 1338 s.
760 1256 790 1319 s.

278 1384 433 1450 Infimum
451 1388 676 1472 vegetationis
696 1390 811 1453 locum
830 1387 985 1454 obtinent
998 1389 1293 1480 Acotyledoneae,

197 1513 340 1578 quarum
368 1490 455 1558 aliae
483 1496 705 1583 parasitantes
739 1495 776 1561 in
804 1496 928 1585 plantis
954 1495 1028 1563 aliis
1058 1497 1292 1589 reperiuntur,

199 1598 284 1664 aliae
301 1601 389 1680 illic,
410 1601 469 1666 ubi
488 1601 599 1690 prima
623 1603 849 1692 vegetationis
865 1604 1010 1694 vestigia
1032 1620 1193 1697 apparent
1206 1631 1239 1673 v.
1263 1629 1291 1671 c.

198 1708 235 1773 in
266 1711 433 1798 specubus
461 1711 688 1775 subterraneis
718 1725 752 1775 et
779 1714 841 1776 sub
868 1736 971 1800 aqua,
1003 1714 1090 1779 aliae
1112 1729 1222 1779 autem
1242 1713 1294 1778 ibi

198 1819 369 1897 locorum,
398 1816 436 1882 in
465 1815 586 1904 quibus
610 1816 741 1902 reliqua
768 1818 939 1905 vegetatio
960 1818 1085 1882 sensim
1110 1818 1290 1896 evanescit,

198 1948 321 2014 nempe
355 1924 415 1990 ubi
442 1919 516 1989 nix'
536 1939 699 2014 perpetua
723 1922 859 2012 occipit.
909 1925 1026 2009 Atque
1056 1945 1180 1988 novam
1203 1923 1290 1989 adeo

198 2033 448 2120 vegetationem
477 2032 645 2123 incipiunt
666 2034 723 2099 vel
742 2032 780 2095 in
806 2029 1076 2120 organismorum
1101 2029 1292 2120 perfectio-
1345 2033 1351 2043 '

199 2164 274 2207 rum
298 2123 451 2232 partibus
475 2141 662 2221 morbosis,
695 2163 836 2229 quarum
863 2140 1027 2203 elementa
1048 2151 1176 2203 mutata
1195 2152 1291 2208 sunt,

201 2253 256 2315 vel
274 2251 310 2314 in
336 2249 539 2340 organismis
559 2251 697 2317 omnino
714 2246 891 2329 emortuis,
914 2244 1140 2337 putrescentia
1157 2245 1195 2310 in
1216 2249 1293 2312 ele-

200 2373 314 2424 menta
346 2340 385 2424 se
415 2359 692 2439 dissolventibus,
727 2381 747 2423 e
774 2354 895 2445 quibus
917 2352 981 2445 pro
1007 2353 1164 2445 portione
1195 2356 1293 2420 aliter

203 2465 390 2547 conjunctis
405 2488 516 2532 novae
533 2465 753 2532 formationes
773 2465 953 2552 organicae
972 2462 1181 2529 exoriuntur.
1215 2463 1291 2528 Huc

202 2575 380 2667 pertinent,
402 2572 433 2638 si
451 2595 520 2639 non
539 2595 664 2654 omnes,
686 2573 823 2664 plurimi
842 2587 953 2638 tamen
965 2572 1084 2661 Fungi.
1125 2571 1210 2637 Inde
1236 2595 1295 2636 se-

204 2685 328 2771 quitur,
351 2696 388 2747 ut
416 2680 452 2746 in
466 2683 531 2747 hac
551 2680 734 2771 partitione
753 2685 886 2772 plantae
905 2682 1149 2760 contineantur,
1171 2679 1294 2769 quibus

203 2807 241 2856 ut
274 2794 469 2870 nascantur,
503 2790 632 2856 semine
666 2792 818 2872 ejusdem
848 2789 975 2881 speciei
1001 2811 1085 2878 opus
1122 2811 1192 2854 non
1229 2803 1294 2868 est,

206 2924 281 2964 cum
297 2897 438 2985 ubique,
461 2899 647 2965 dummodo
669 2900 789 2966 ceteris
809 2896 1062 2966 conditionibus
1084 2896 1295 2977 adjuventur,

207 3032 250 3074 ex
272 3010 513 3086 elementorum
534 3010 772 3089 conjunctione
798 3007 927 3074 exoriri
955 3004 1096 3096 possint.

701 3206 723 3285 s.
767 3205 797 3267 9.

291 3335 331 3400 In
358 3337 691 3425 Monocotyledoneis
727 3335 895 3425 embryon
924 3357 963 3399 se
997 3337 1160 3401 evolvens
1195 3354 1298 3396 unum

209 3443 338 3534 profert
359 3442 530 3526 foliolum,
553 3460 586 3510 et
609 3444 754 3534 primum
777 3440 898 3508 folium
917 3446 1080 3530 gemmale
1095 3466 1140 3507 ex
1155 3440 1296 3528 embryo

211 3578 228 3618 a
249 3555 353 3618 latere
371 3577 472 3642 supra
501 3567 624 3619 terram
645 3551 815 3617 emittitur.
860 3549 1213 3638 Monocotyledoneae
1233 3568 1298 3634 pe-

211 3662 347 3727 culiaris
374 3675 450 3727 sunt
468 3642 684 3728 structurae(
718 3660 876 3726 Truncus
901 3685 961 3726 seu
997 3658 1101 3725 caulis
1130 3677 1246 3722 earum
1263 3666 1302 3716 ut

210 3770 392 3860 plurimum
414 3775 481 3850 jam
504 3792 664 3834 enascens
692 3768 843 3849 ejusdem
863 3766 1027 3834 crassitiei
1050 3779 1109 3846 est,
1142 3768 1238 3844 cujus
1265 3760 1303 3826 iu

213 3878 458 3959 accrescendo3
483 3893 601 3944 cortex
625 3877 732 3943 laevis
755 3891 887 3957 manet3
909 3875 994 3943 folia
1017 3873 1061 3963 (si
1080 3874 1211 3938 Palmas
1235 3893 1302 3935 ex-

214 3988 333 4080 cipias)
357 3987 536 4078 simplicia,
558 3983 652 4050 libris
672 3984 850 4068 parallelis,
871 3981 1186 4074 longitudinalibus,
1208 3979 1304 4045 indi-

214 4099 296 4168 visis
330 4099 492 4165 instructa
521 4097 709 4182 (nervosa),
736 4094 800 4159 flos
828 4116 896 4160 non
927 4095 1076 4180 corolla,¹
1097 4114 1199 4178 quam
1218 4109 1304 4178 pro«
