2744 4718
133 479 333 564 dissidens,¹
349 481 478 547 Leslcea
486 527 500 563 ,
529 482 682 546 Neckera
705 485 784 567 etc.)
806 482 841 566 l‘)
871 481 1064 547 evidentem
1086 503 1164 548 cum
1186 479 1230 546 iis

134 585 472 676 Jungermanniarum
493 589 658 679 praebent
684 589 888 677 analogiam,
911 589 1001 658 etin
1027 589 1150 655 iisdem
1166 611 1232 676 ge-

134 696 288 777 neribus,
321 695 520 786 praesertim
552 719 636 764 vero
667 697 705 763 in
732 699 964 786 Scltistostega
982 700 1037 782 ἢ)
1070 694 1232 762 formatio

116 800 267 886 ⁴frondis
300 804 500 894 simpliciter
529 802 749 894 pinnatifidae
789 803 933 871 Filicum
965 808 1033 885 jam
1074 818 1232 895 apparet3

133 914 240 980 multa
268 927 378 978 autem
407 911 473 983 alia
507 911 695 980 formarum
727 911 919 1002 vulgarium
953 927 1084 979 etcum
1110 910 1233 1001 Lyco-

134 1019 308 1114 podiaceis
337 1022 558 1088 vehementer
589 1034 790 1110 congruunt.
832 1019 945 1086 Etiam
976 1007 1081 1085 caulis
1106 1018 1232 1087 foliose

135 1125 264 1197 divisus
281 1133 348 1210 jam
365 1127 517 1195 turiones
529 1131 696 1210 laterales,
716 1127 855 1218 gemmis
867 1124 1110 1216 perfectiorum
1129 1131 1233 1218 plan-

133 1251 244 1305 tarum
271 1240 451 1327 analogos,
472 1237 622 1328 profert,
647 1259 718 1303 non
743 1251 852 1304 autem
874 1240 1080 1330 compositos
1101 1236 1232 1304 foliolis

133 1344 230 1415 varie
264 1344 458 1413 convolutis
482 1348 541 1415 vel
559 1344 704 1434 plicatis.
730 1346 791 1410 sed
809 1345 993 1412 confertius
1013 1362 1143 1413 tantum
1158 1347 1233 1412 dis-

133 1454 271 1545 positis,
307 1452 419 1528 Caulis
443 1476 580 1542 quoque
602 1475 812 1535 muscorum,
840 1454 993 1542 quamvis
1015 1456 1233 1547 conspicuam

135 1585 213 1628 cum
240 1564 336 1631 caule
361 1563 553 1653 plantarum
579 1561 822 1651 perfectiorum
851 1564 1058 1653 analogiam,
1089 1566 1235 1632 eviden-

133 1670 297 1741 tissimam
329 1669 478 1737 ostendit
508 1671 550 1740 ab
581 1693 623 1737 eo
652 1671 897 1754 diversitatem,
920 1696 1006 1764 'cum
1027 1695 1099 1738 non
1122 1677 1233 1739 solum

135 1801 281 1866 superne
308 1798 379 1841 non
404 1791 612 1856 attenuatus,
642 1779 704 1840 sed
735 1778 849 1864 potius
881 1778 1082 1842 incrassatus
1122 1781 1166 1844 sit
1198 1794 1232 1848 et

134 1885 199 1950 hac
222 1906 260 1947 re
278 1883 322 1946 de
342 1879 454 1944 forma
485 1878 607 1968 stipitis
632 1881 830 1968 Fungorum
858 1882 1143 1977 podetiorumque
1167 1885 1231 1952 Li-

136 1995 282 2063 chenum
308 1982 601 2055 commonefaciat.

622 2182 646 2261 t.
688 2181 740 2244 42.

220 2316 418 2382 Muscorum
442 2313 575 2378 radices
599 2311 737 2378 tandem
765 2336 810 2380 ex
831 2312 954 2380 iisdem
976 2313 1042 2380 filis
1073 2314 1235 2379 articula*

25 2504 31 2511 ἡ
77 2459 80 2463 ’
139 2431 182 2492 tis
201 2420 417 2510 (cellulosis)
442 2436 613 2503 constant,
638 2420 797 2509 equibus
830 2421 935 2489 caulis
963 2438 996 2489 et
1017 2422 1116 2506 folia3
1149 2423 1231 2487 haec

139 2536 197 2600 fila
208 2531 340 2623 saepius
356 2528 508 2597 secunda
517 2544 595 2595 sunt
610 2527 785 2619 disposita,
803 2554 869 2618 qua
879 2555 916 2596 re
926 2531 1078 2598 radicula
1095 2530 1234 2599 omnino

144 2640 333 2726 Conseruere
356 2653 538 2705 castaneae
569 2640 680 2703 Dillw.
694 2640 775 2716 aaa)
803 2663 884 2728 prae
912 2664 948 2706 se
975 2639 1042 2708 fert
1070 2641 1235 2720 habiturn,

140 2754 177 2818 in
205 2751 356 2817 ramulos
378 2770 415 2812 se
449 2745 619 2811 dirimunt¹
647 2760 681 2810 et
714 2744 914 2814 fasciculum
948 2747 1095 2816 formant
1128 2748 1238 2813 fibra-

77 2858 79 2863 *
140 2885 218 2929 rum
250 2855 485 2925 subfusoarum
521 2856 580 2921 vel
606 2852 783 2919 rutilarnm
804 2857 858 2943 †),
886 2881 1027 2944 quarum
1049 2856 1134 2922 rami
1161 2857 1239 2947 pri-

141 2966 240 3035 marii
264 2962 380 3055 opaci,
408 2961 546 3027 ultimae
573 2976 684 3027 autem
709 2963 968 3031 ramificationes
992 2969 1238 3032 translucentes

144 3091 222 3145 sunt
242 3088 275 3140 et
295 3073 469 3161 regulares
491 3069 636 3137 offerunt
649 3069 909 3138 articulationes.
952 3072 1082 3140 Radice
1095 3074 1239 3141 Musco-

143 3209 218 3254 rum
253 3181 358 3271 igitur
392 3179 596 3269 generaliter
634 3180 823 3268 plantarum
859 3179 1100 3270 perfectiorum
1134 3184 1240 3248 radix

145 3293 385 3387 praefigurata,
411 3301 557 3352 attamen
582 3284 722 3375 singulis
735 3291 805 3367 ejus
826 3287 977 3378 partibus
994 3290 1241 3362 Conseruarum

145 3404 266 3471 iterata
287 3394 458 3463 formatio.

143 3539 350 3565 W

217 3597 245 3654 ⁴)
263 3586 321 3643 Cfr.
340 3589 427 3639 Sturm
444 3584 462 3638 l.
480 3601 505 3638 c·
522 3582 574 3637 Bd.
593 3584 620 3636 3.

216 3685 263 3750 “)
280 3680 337 3737 Clr.
358 3684 444 3733 Sturm
462 3679 481 3733 l.
498 3696 523 3732 c.
540 3678 591 3731 Bd.
610 3680 635 3730 3.

217 3779 277 3840 m)
296 3776 415 3844 Dillwyn
443 3772 545 3826 British
564 3773 717 3831 Consertae
736 3789 769 3827 or
787 3773 919 3829 coloured
935 3773 1034 3847 figures
1052 3775 1105 3829 and
1123 3776 1244 3849 deser-ip

149 3875 222 3931 tions
240 3870 331 3928 altha
348 3869 446 3926 britieh
461 3870 550 3935 plante
574 3877 628 3922 etc.
648 3866 717 3924 Tab.
735 3871 770 3918 72
787 3879 814 3922 et
830 3869 932 3925 Introd.
950 3891 978 3945 p.
994 3869 1041 3923 61.

218 3977 250 4031 †)
276 3972 391 4039 Hedwig
409 3967 427 4018 l.
447 3982 471 4019 c.
489 3963 562 4018 Sect.
580 3963 612 4017 ll.
630 3963 696 4016 Tuh.
714 3963 809 4017 LXlll.
828 3971 971 4027 (Bartram
987 3970 1111 4038 gigant)
1133 3965 1193 4039 Fig.
1215 3968 1241 4020 l.

149 4063 218 4123 Tul).
236 4061 345 4117 LXVll.
365 4062 394 4117 F·
413 4065 427 4114 1
447 4070 474 4114 et
491 4061 517 4112 3.
536 4060 603 4115 st.
623 4057 735 4112 LXXll·
749 4065 863 4132 (Bryum
879 4062 1009 4132 palleus.)
1021 4063 1051 4117 F.
1068 4065 1081 4115 1
1100 4073 1127 4117 ot
1143 4066 1169 4116 2.
