<?xml version="1.0" encoding="UTF-8"?>
<!DOCTYPE html PUBLIC "-//W3C//DTD XHTML 1.0 Transitional//EN"
    "http://www.w3.org/TR/xhtml1/DTD/xhtml1-transitional.dtd">
<html xmlns="http://www.w3.org/1999/xhtml" xml:lang="en" lang="en">
 <head>
  <title>
</title>
<meta http-equiv="Content-Type" content="text/html;charset=utf-8" />
  <meta name='ocr-system' content='tesseract 3.04.00' />
  <meta name='ocr-capabilities' content='ocr_page ocr_carea ocr_par ocr_line ocrx_word'/>
</head>
<body>
  <div class='ocr_page' id='page_1' title='image "./deplantarumprae00biscgoog_0038.png"; bbox 0 0 2744 4718; ppageno 0'>
   <div class='ocr_carea' id='block_1_1' title="bbox 630 279 766 398">
    <p class='ocr_par' dir='ltr' id='par_1_1' title="bbox 630 279 766 398">
     <span class='ocr_line' id='line_1_1' title="bbox 630 279 766 398; baseline 0 -18"><span class='ocrx_word' id='word_1_1' title='bbox 630 279 726 398; x_wconf 57' lang='lat'><strong>39,</strong></span> <span class='ocrx_word' id='word_1_2' title='bbox 762 372 766 380; x_wconf 84' lang='grc'>,</span> 
     </span>
    </p>
   </div>
   <div class='ocr_carea' id='block_1_2' title="bbox 78 482 1240 1341">
    <p class='ocr_par' dir='ltr' id='par_1_2' title="bbox 78 482 1240 1341">
     <span class='ocr_line' id='line_1_2' title="bbox 134 482 1229 570; baseline -0.014 -8"><span class='ocrx_word' id='word_1_3' title='bbox 134 496 304 563; x_wconf 86' lang='lat' dir='ltr'><strong>Lioheues</strong></span> <span class='ocrx_word' id='word_1_4' title='bbox 327 489 468 558; x_wconf 88' lang='lat' dir='ltr'><strong>omnino</strong></span> <span class='ocrx_word' id='word_1_5' title='bbox 497 498 630 569; x_wconf 85' lang='lat' dir='ltr'><strong>carent,</strong></span> <span class='ocrx_word' id='word_1_6' title='bbox 654 482 844 570; x_wconf 84' lang='lat' dir='ltr'><strong>viridisque</strong></span> <span class='ocrx_word' id='word_1_7' title='bbox 867 483 1002 548; x_wconf 82' lang='lat' dir='ltr'><strong>coloris.</strong></span> <span class='ocrx_word' id='word_1_8' title='bbox 1052 483 1229 548; x_wconf 87' lang='lat' dir='ltr'><strong>Praeterea</strong></span> 
     </span>
     <span class='ocr_line' id='line_1_3' title="bbox 133 580 1230 686; baseline -0.015 -15"><span class='ocrx_word' id='word_1_9' title='bbox 133 580 250 671; x_wconf 85' lang='lat' dir='ltr'><strong>earum</strong></span> <span class='ocrx_word' id='word_1_10' title='bbox 281 603 377 667; x_wconf 82' lang='lat' dir='ltr'><strong>frons</strong></span> <span class='ocrx_word' id='word_1_11' title='bbox 406 595 545 686; x_wconf 86' lang='lat' dir='ltr'><strong>propria</strong></span> <span class='ocrx_word' id='word_1_12' title='bbox 568 593 781 680; x_wconf 86' lang='lat' dir='ltr'><strong>receptacula</strong></span> <span class='ocrx_word' id='word_1_13' title='bbox 815 589 1093 680; x_wconf 87' lang='lat' dir='ltr'><strong>capsulaeformia</strong></span> <span class='ocrx_word' id='word_1_14' title='bbox 1126 594 1230 676; x_wconf 84' lang='lat' dir='ltr'><strong>(Spo-</strong></span> 
     </span>
     <span class='ocr_line' id='line_1_4' title="bbox 135 700 1228 800; baseline -0.015 -21"><span class='ocrx_word' id='word_1_15' title='bbox 135 715 285 800; x_wconf 77' lang='lat' dir='ltr'><strong>rungiu)</strong></span> <span class='ocrx_word' id='word_1_16' title='bbox 326 706 476 798; x_wconf 82' lang='lat' dir='ltr'><strong>profert,</strong></span> <span class='ocrx_word' id='word_1_17' title='bbox 517 725 602 790; x_wconf 89' lang='lat' dir='ltr'><strong>quae</strong></span> <span class='ocrx_word' id='word_1_18' title='bbox 639 700 805 766; x_wconf 90' lang='lat' dir='ltr'><strong>seminula</strong></span> <span class='ocrx_word' id='word_1_19' title='bbox 844 704 1003 786; x_wconf 75' lang='lat' dir='ltr'><strong>(sporus)</strong></span> <span class='ocrx_word' id='word_1_20' title='bbox 1045 700 1228 766; x_wconf 88' lang='lat' dir='ltr'><strong>continent</strong></span> 
     </span>
     <span class='ocr_line' id='line_1_5' title="bbox 134 807 1231 906; baseline -0.012 -18"><span class='ocrx_word' id='word_1_21' title='bbox 134 822 231 906; x_wconf 86' lang='lat' dir='ltr'><strong>Quae</strong></span> <span class='ocrx_word' id='word_1_22' title='bbox 263 814 397 884; x_wconf 81' lang='lat' dir='ltr'><strong>frondis</strong></span> <span class='ocrx_word' id='word_1_23' title='bbox 428 813 584 902; x_wconf 80' lang='lat' dir='ltr'>capsulae</span> <span class='ocrx_word' id='word_1_24' title='bbox 606 814 773 876; x_wconf 73' lang='lat' dir='ltr'><strong>structura</strong></span> <span class='ocrx_word' id='word_1_25' title='bbox 795 811 957 874; x_wconf 87' lang='lat' dir='ltr'><strong>cellulosa</strong></span> <span class='ocrx_word' id='word_1_26' title='bbox 979 822 1012 873; x_wconf 84' lang='lat' dir='ltr'><strong>et</strong></span> <span class='ocrx_word' id='word_1_27' title='bbox 1034 811 1151 875; x_wconf 91' lang='lat' dir='ltr'><strong>colore</strong></span> <span class='ocrx_word' id='word_1_28' title='bbox 1173 807 1231 875; x_wconf 88' lang='lat' dir='ltr'><strong>vi-</strong></span> 
     </span>
     <span class='ocr_line' id='line_1_6' title="bbox 134 915 1232 1008; baseline -0.014 -12"><span class='ocrx_word' id='word_1_29' title='bbox 134 931 203 997; x_wconf 87' lang='lat' dir='ltr'><strong>ridi</strong></span> <span class='ocrx_word' id='word_1_30' title='bbox 228 927 443 1003; x_wconf 89' lang='lat' dir='ltr'><strong>confirmant,</strong></span> <span class='ocrx_word' id='word_1_31' title='bbox 472 944 528 986; x_wconf 83' lang='lat' dir='ltr'><strong>eas</strong></span> <span class='ocrx_word' id='word_1_32' title='bbox 564 915 809 1008; x_wconf 80' lang='lat' dir='ltr'><strong>perfectiorum</strong></span> <span class='ocrx_word' id='word_1_33' title='bbox 838 916 1079 985; x_wconf 82' lang='lat' dir='ltr'><strong>formationum</strong></span> <span class='ocrx_word' id='word_1_34' title='bbox 1106 917 1232 983; x_wconf 90' lang='lat' dir='ltr'><strong>seriem</strong></span> 
     </span>
     <span class='ocr_line' id='line_1_7' title="bbox 78 1023 1230 1123; baseline -0.011 -18"><span class='ocrx_word' id='word_1_35' title='bbox 78 1070 80 1076; x_wconf 95' lang='lat'>·</span> <span class='ocrx_word' id='word_1_36' title='bbox 136 1035 343 1104; x_wconf 91' lang='lat' dir='ltr'><strong>constituere</strong></span> <span class='ocrx_word' id='word_1_37' title='bbox 365 1047 396 1097; x_wconf 91' lang='lat' dir='ltr'><strong>et</strong></span> <span class='ocrx_word' id='word_1_38' title='bbox 427 1030 471 1095; x_wconf 89' lang='lat' dir='ltr'><strong>ad</strong></span> <span class='ocrx_word' id='word_1_39' title='bbox 502 1025 686 1116; x_wconf 87' lang='lat' dir='ltr'><strong>Hepaticas</strong></span> <span class='ocrx_word' id='word_1_40' title='bbox 708 1023 879 1090; x_wconf 89' lang='lat' dir='ltr'><strong>accedere.</strong></span> <span class='ocrx_word' id='word_1_41' title='bbox 925 1024 1037 1108; x_wconf 87' lang='lat' dir='ltr'><strong>Quum</strong></span> <span class='ocrx_word' id='word_1_42' title='bbox 1050 1026 1230 1123; x_wconf 67' lang='lat' dir='ltr'><strong>neruistae</strong></span> 
     </span>
     <span class='ocr_line' id='line_1_8' title="bbox 138 1135 1240 1234; baseline -0.01 -22"><span class='ocrx_word' id='word_1_43' title='bbox 138 1146 295 1234; x_wconf 82' lang='lat' dir='ltr'><strong>capsulae</strong></span> <span class='ocrx_word' id='word_1_44' title='bbox 317 1140 441 1208; x_wconf 89' lang='lat' dir='ltr'><strong>nonin</strong></span> <span class='ocrx_word' id='word_1_45' title='bbox 462 1140 580 1205; x_wconf 83' lang='lat' dir='ltr'><strong>valvas</strong></span> <span class='ocrx_word' id='word_1_46' title='bbox 602 1137 774 1225; x_wconf 81' lang='lat' dir='ltr'><strong>regulares</strong></span> <span class='ocrx_word' id='word_1_47' title='bbox 800 1135 930 1202; x_wconf 84' lang='lat' dir='ltr'><strong>divisae</strong></span> <span class='ocrx_word' id='word_1_48' title='bbox 952 1135 1036 1214; x_wconf 89' lang='lat' dir='ltr'><strong>sint,</strong></span> <span class='ocrx_word' id='word_1_49' title='bbox 1059 1135 1120 1215; x_wconf 84' lang='lat' dir='ltr'><strong>sed</strong></span> <span class='ocrx_word' id='word_1_50' title='bbox 1141 1135 1240 1201; x_wconf 54' lang='lat' dir='ltr'><strong>irre-¹</strong></span> 
     </span>
     <span class='ocr_line' id='line_1_9' title="bbox 138 1244 1229 1341; baseline -0.01 -22"><span class='ocrx_word' id='word_1_51' title='bbox 138 1251 299 1341; x_wconf 88' lang='lat' dir='ltr'><strong>gulariter</strong></span> <span class='ocrx_word' id='word_1_52' title='bbox 317 1247 509 1327; x_wconf 85' lang='lat' dir='ltr'><strong>dehiscant,</strong></span> <span class='ocrx_word' id='word_1_53' title='bbox 531 1244 731 1311; x_wconf 90' lang='lat' dir='ltr'><strong>inferiorem</strong></span> <span class='ocrx_word' id='word_1_54' title='bbox 755 1268 856 1332; x_wconf 92' lang='lat' dir='ltr'><strong>quam</strong></span> <span class='ocrx_word' id='word_1_55' title='bbox 881 1244 960 1308; x_wconf 86' lang='lat' dir='ltr'><strong>illae</strong></span> <span class='ocrx_word' id='word_1_56' title='bbox 978 1257 1094 1310; x_wconf 88' lang='lat' dir='ltr'><strong>tenent</strong></span> <span class='ocrx_word' id='word_1_57' title='bbox 1105 1247 1229 1311; x_wconf 87' lang='lat' dir='ltr'><strong>locum.</strong></span> 
     </span>
    </p>
   </div>
   <div class='ocr_carea' id='block_1_3' title="bbox 627 1437 758 1523">
    <p class='ocr_par' dir='ltr' id='par_1_3' title="bbox 627 1437 758 1523">
     <span class='ocr_line' id='line_1_10' title="bbox 627 1437 758 1523; baseline 0.023 -3"><span class='ocrx_word' id='word_1_58' title='bbox 627 1441 651 1520; x_wconf 76' lang='lat' dir='ltr'><strong>t·</strong></span> <span class='ocrx_word' id='word_1_59' title='bbox 694 1437 758 1523; x_wconf 55' lang='lat'><strong>³12</strong></span> 
     </span>
    </p>
   </div>
   <div class='ocr_carea' id='block_1_4' title="bbox 138 1568 1236 2850">
    <p class='ocr_par' dir='ltr' id='par_1_4' title="bbox 138 1568 1236 2850">
     <span class='ocr_line' id='line_1_11' title="bbox 219 1568 1231 1663; baseline -0.004 -21"><span class='ocrx_word' id='word_1_60' title='bbox 219 1573 426 1663; x_wconf 85' lang='lat' dir='ltr'><strong>Incipientes</strong></span> <span class='ocrx_word' id='word_1_61' title='bbox 465 1571 507 1634; x_wconf 87' lang='lat' dir='ltr'><strong>ab</strong></span> <span class='ocrx_word' id='word_1_62' title='bbox 551 1568 665 1635; x_wconf 84' lang='lat' dir='ltr'><strong>infimo</strong></span> <span class='ocrx_word' id='word_1_63' title='bbox 700 1594 841 1659; x_wconf 86' lang='lat' dir='ltr'><strong>genere,</strong></span> <span class='ocrx_word' id='word_1_64' title='bbox 875 1570 1007 1637; x_wconf 89' lang='lat' dir='ltr'><strong>scilicet</strong></span> <span class='ocrx_word' id='word_1_65' title='bbox 1043 1595 1063 1635; x_wconf 89' lang='lat' dir='ltr'><strong>a</strong></span> <span class='ocrx_word' id='word_1_66' title='bbox 1095 1575 1231 1652; x_wconf 84' lang='lat' dir='ltr'><strong>Riccic,</strong></span> 
     </span>
     <span class='ocr_line' id='line_1_12' title="bbox 139 1677 1234 1772; baseline -0.003 -22"><span class='ocrx_word' id='word_1_67' title='bbox 139 1683 359 1772; x_wconf 81' lang='lat' dir='ltr'><strong>conspicuam</strong></span> <span class='ocrx_word' id='word_1_68' title='bbox 378 1677 511 1745; x_wconf 83' lang='lat' dir='ltr'><strong>frondis</strong></span> <span class='ocrx_word' id='word_1_69' title='bbox 533 1677 724 1744; x_wconf 84' lang='lat' dir='ltr'><strong>invenimus</strong></span> <span class='ocrx_word' id='word_1_70' title='bbox 749 1703 825 1744; x_wconf 91' lang='lat' dir='ltr'><strong>cum</strong></span> <span class='ocrx_word' id='word_1_71' title='bbox 842 1682 949 1747; x_wconf 90' lang='lat' dir='ltr'><strong>thallo</strong></span> <span class='ocrx_word' id='word_1_72' title='bbox 969 1683 1072 1771; x_wconf 90' lang='lat' dir='ltr'><strong>plano</strong></span> <span class='ocrx_word' id='word_1_73' title='bbox 1091 1682 1234 1762; x_wconf 82' lang='lat' dir='ltr'><strong>cujusli-</strong></span> 
     </span>
     <span class='ocr_line' id='line_1_13' title="bbox 141 1786 1235 1879; baseline -0.004 -22"><span class='ocrx_word' id='word_1_74' title='bbox 141 1794 199 1857; x_wconf 88' lang='lat' dir='ltr'><strong>bet</strong></span> <span class='ocrx_word' id='word_1_75' title='bbox 214 1792 409 1856; x_wconf 88' lang='lat' dir='ltr'><strong>Lecanorae</strong></span> <span class='ocrx_word' id='word_1_76' title='bbox 422 1786 689 1868; x_wconf 88' lang='lat' dir='ltr'><strong>similitudinem,</strong></span> <span class='ocrx_word' id='word_1_77' title='bbox 713 1802 831 1855; x_wconf 90' lang='lat' dir='ltr'><strong>contra</strong></span> <span class='ocrx_word' id='word_1_78' title='bbox 845 1810 931 1855; x_wconf 90' lang='lat' dir='ltr'><strong>vero</strong></span> <span class='ocrx_word' id='word_1_79' title='bbox 950 1791 1102 1879; x_wconf 85' lang='lat' dir='ltr'><strong>capsulas</strong></span> <span class='ocrx_word' id='word_1_80' title='bbox 1116 1787 1235 1855; x_wconf 88' lang='lat' dir='ltr'><strong>frondi</strong></span> 
     </span>
     <span class='ocr_line' id='line_1_14' title="bbox 139 1885 1235 1985; baseline -0.003 -20"><span class='ocrx_word' id='word_1_81' title='bbox 139 1915 238 1965; x_wconf 82' lang='lat' dir='ltr'><strong>extra</strong></span> <span class='ocrx_word' id='word_1_82' title='bbox 265 1888 450 1962; x_wconf 74' lang='lat' dir='ltr'><strong>insidentes</strong></span> <span class='ocrx_word' id='word_1_83' title='bbox 474 1894 660 1985; x_wconf 85' lang='lat' dir='ltr'><strong>apotheoiis</strong></span> <span class='ocrx_word' id='word_1_84' title='bbox 685 1895 871 1964; x_wconf 82' lang='lat' dir='ltr'><strong>inferarum</strong></span> <span class='ocrx_word' id='word_1_85' title='bbox 895 1885 1083 1963; x_wconf 88' lang='lat' dir='ltr'><strong>Lichenum</strong></span> <span class='ocrx_word' id='word_1_86' title='bbox 1103 1896 1235 1963; x_wconf 84' lang='lat' dir='ltr'><strong>forma·-</strong></span> 
     </span>
     <span class='ocr_line' id='line_1_15' title="bbox 138 1996 1235 2096; baseline -0.002 -22"><span class='ocrx_word' id='word_1_87' title='bbox 138 2033 214 2074; x_wconf 90' lang='lat' dir='ltr'><strong>rum</strong></span> <span class='ocrx_word' id='word_1_88' title='bbox 236 2005 372 2073; x_wconf 91' lang='lat' dir='ltr'><strong>similes.</strong></span> <span class='ocrx_word' id='word_1_89' title='bbox 416 2003 604 2070; x_wconf 82' lang='lat' dir='ltr'><strong>Columella</strong></span> <span class='ocrx_word' id='word_1_90' title='bbox 619 2026 703 2069; x_wconf 88' lang='lat' dir='ltr'><strong>vero</strong></span> <span class='ocrx_word' id='word_1_91' title='bbox 719 1996 940 2094; x_wconf 88' lang='lat' dir='ltr'><strong>pistilliformi</strong></span> <span class='ocrx_word' id='word_1_92' title='bbox 956 2006 992 2071; x_wconf 90' lang='lat' dir='ltr'><strong>in</strong></span> <span class='ocrx_word' id='word_1_93' title='bbox 1010 2006 1153 2096; x_wconf 90' lang='lat' dir='ltr'><strong>capsulis</strong></span> <span class='ocrx_word' id='word_1_94' title='bbox 1168 2008 1235 2072; x_wconf 93' lang='lat' dir='ltr'><strong>ob-</strong></span> 
     </span>
     <span class='ocr_line' id='line_1_16' title="bbox 139 2113 1235 2205; baseline -0.003 -22"><span class='ocrx_word' id='word_1_95' title='bbox 139 2117 199 2184; x_wconf 87' lang='lat' dir='ltr'><strong>via</strong></span> <span class='ocrx_word' id='word_1_96' title='bbox 227 2117 281 2180; x_wconf 88' lang='lat' dir='ltr'><strong>his</strong></span> <span class='ocrx_word' id='word_1_97' title='bbox 305 2113 489 2178; x_wconf 89' lang='lat' dir='ltr'><strong>similitudo</strong></span> <span class='ocrx_word' id='word_1_98' title='bbox 519 2126 569 2177; x_wconf 89' lang='lat' dir='ltr'><strong>est</strong></span> <span class='ocrx_word' id='word_1_99' title='bbox 592 2114 648 2177; x_wconf 84' lang='lat' dir='ltr'><strong>vel</strong></span> <span class='ocrx_word' id='word_1_100' title='bbox 672 2136 749 2177; x_wconf 92' lang='lat' dir='ltr'><strong>cum</strong></span> <span class='ocrx_word' id='word_1_101' title='bbox 772 2114 894 2180; x_wconf 90' lang='lat' dir='ltr'><strong>florum</strong></span> <span class='ocrx_word' id='word_1_102' title='bbox 921 2115 1072 2202; x_wconf 89' lang='lat' dir='ltr'><strong>germine</strong></span> <span class='ocrx_word' id='word_1_103' title='bbox 1097 2114 1235 2205; x_wconf 90' lang='lat' dir='ltr'><strong>perfec-</strong></span> 
     </span>
     <span class='ocr_line' id='line_1_17' title="bbox 141 2200 1235 2312; baseline 0 -23"><span class='ocrx_word' id='word_1_104' title='bbox 141 2224 267 2290; x_wconf 87' lang='lat' dir='ltr'><strong>tiorum</strong></span> <span class='ocrx_word' id='word_1_105' title='bbox 280 2225 468 2311; x_wconf 87' lang='lat' dir='ltr'><strong>plantarum</strong></span> <span class='ocrx_word' id='word_1_106' title='bbox 483 2221 526 2305; x_wconf 60' lang='lat' dir='ltr'><strong>ll).</strong></span> <span class='ocrx_word' id='word_1_107' title='bbox 569 2219 662 2285; x_wconf 88' lang='lat' dir='ltr'><strong>Inter</strong></span> <span class='ocrx_word' id='word_1_108' title='bbox 673 2200 865 2310; x_wconf 77' lang='lat' dir='ltr'><strong>superiores</strong></span> <span class='ocrx_word' id='word_1_109' title='bbox 879 2226 1235 2312; x_wconf 64' lang='lat' dir='ltr'><strong>Homullophyllorum</strong></span> 
     </span>
     <span class='ocr_line' id='line_1_18' title="bbox 142 2329 1234 2424; baseline 0.001 -27"><span class='ocrx_word' id='word_1_110' title='bbox 142 2332 271 2399; x_wconf 84' lang='lat' dir='ltr'><strong>formas</strong></span> <span class='ocrx_word' id='word_1_111' title='bbox 294 2343 344 2394; x_wconf 86' lang='lat' dir='ltr'><strong>est</strong></span> <span class='ocrx_word' id='word_1_112' title='bbox 360 2352 464 2417; x_wconf 84' lang='lat' dir='ltr'><strong>genus</strong></span> <span class='ocrx_word' id='word_1_113' title='bbox 485 2330 746 2415; x_wconf 80' lang='lat' dir='ltr'><strong>Sphucrccurpi.</strong></span> <span class='ocrx_word' id='word_1_114' title='bbox 789 2329 1017 2420; x_wconf 87' lang='lat' dir='ltr'><strong>Receptacula</strong></span> <span class='ocrx_word' id='word_1_115' title='bbox 1035 2332 1234 2424; x_wconf 89' lang='lat' dir='ltr'><strong>piriformia,</strong></span> 
     </span>
     <span class='ocr_line' id='line_1_19' title="bbox 138 2434 1235 2530; baseline 0.002 -23"><span class='ocrx_word' id='word_1_116' title='bbox 138 2455 275 2530; x_wconf 82' lang='lat' dir='ltr'><strong>aperta,</strong></span> <span class='ocrx_word' id='word_1_117' title='bbox 297 2437 428 2502; x_wconf 87' lang='lat' dir='ltr'><strong>sessilia</strong></span> <span class='ocrx_word' id='word_1_118' title='bbox 456 2440 493 2501; x_wconf 93' lang='lat' dir='ltr'><strong>in</strong></span> <span class='ocrx_word' id='word_1_119' title='bbox 514 2451 657 2525; x_wconf 84' lang='lat' dir='ltr'><strong>angusto</strong></span> <span class='ocrx_word' id='word_1_120' title='bbox 680 2438 813 2505; x_wconf 90' lang='lat' dir='ltr'><strong>frondis</strong></span> <span class='ocrx_word' id='word_1_121' title='bbox 843 2441 949 2528; x_wconf 86' lang='lat' dir='ltr'><strong>spatio</strong></span> <span class='ocrx_word' id='word_1_122' title='bbox 977 2458 1146 2524; x_wconf 84' lang='lat' dir='ltr'><strong>acervata,</strong></span> <span class='ocrx_word' id='word_1_123' title='bbox 1182 2434 1235 2509; x_wconf 57' lang='lat' dir='ltr'><strong>atss</strong></span> 
     </span>
     <span class='ocr_line' id='line_1_20' title="bbox 141 2544 1236 2632; baseline 0.001 -19"><span class='ocrx_word' id='word_1_124' title='bbox 141 2564 253 2613; x_wconf 88' lang='lat' dir='ltr'><strong>tamen</strong></span> <span class='ocrx_word' id='word_1_125' title='bbox 283 2546 372 2613; x_wconf 86' lang='lat' dir='ltr'><strong>inter</strong></span> <span class='ocrx_word' id='word_1_126' title='bbox 396 2569 433 2611; x_wconf 90' lang='lat' dir='ltr'><strong>se</strong></span> <span class='ocrx_word' id='word_1_127' title='bbox 464 2544 589 2624; x_wconf 86' lang='lat' dir='ltr'><strong>libera,</strong></span> <span class='ocrx_word' id='word_1_128' title='bbox 611 2545 744 2632; x_wconf 86' lang='lat' dir='ltr'><strong>singula</strong></span> <span class='ocrx_word' id='word_1_129' title='bbox 776 2549 912 2614; x_wconf 90' lang='lat' dir='ltr'><strong>nonnisi</strong></span> <span class='ocrx_word' id='word_1_130' title='bbox 939 2574 1042 2613; x_wconf 91' lang='lat' dir='ltr'><strong>unum</strong></span> <span class='ocrx_word' id='word_1_131' title='bbox 1061 2552 1236 2616; x_wconf 88' lang='lat' dir='ltr'><strong>continent</strong></span> 
     </span>
     <span class='ocr_line' id='line_1_21' title="bbox 144 2652 1235 2745; baseline 0.002 -23"><span class='ocrx_word' id='word_1_132' title='bbox 144 2656 305 2722; x_wconf 77' lang='lat' dir='ltr'><strong>ceruinale</strong></span> <span class='ocrx_word' id='word_1_133' title='bbox 330 2657 515 2745; x_wconf 85' lang='lat' dir='ltr'><strong>globulum.</strong></span> <span class='ocrx_word' id='word_1_134' title='bbox 566 2652 634 2736; x_wconf 84' lang='lat' dir='ltr'><strong>Qui</strong></span> <span class='ocrx_word' id='word_1_135' title='bbox 663 2657 873 2743; x_wconf 86' lang='lat' dir='ltr'><strong>capsularum</strong></span> <span class='ocrx_word' id='word_1_136' title='bbox 894 2657 1043 2723; x_wconf 88' lang='lat' dir='ltr'><strong>acervuli</strong></span> <span class='ocrx_word' id='word_1_137' title='bbox 1065 2661 1151 2725; x_wconf 91' lang='lat' dir='ltr'><strong>soris</strong></span> <span class='ocrx_word' id='word_1_138' title='bbox 1176 2664 1235 2739; x_wconf 83' lang='lat' dir='ltr'><strong>ju-</strong></span> 
     </span>
     <span class='ocr_line' id='line_1_22' title="bbox 143 2759 802 2850; baseline -0.011 -19"><span class='ocrx_word' id='word_1_139' title='bbox 143 2763 297 2831; x_wconf 85' lang='lat' dir='ltr'><strong>nioribus</strong></span> <span class='ocrx_word' id='word_1_140' title='bbox 317 2764 461 2842; x_wconf 88' lang='lat' dir='ltr'><strong>Filicum</strong></span> <span class='ocrx_word' id='word_1_141' title='bbox 481 2759 616 2850; x_wconf 85' lang='lat' dir='ltr'><strong>analogi</strong></span> <span class='ocrx_word' id='word_1_142' title='bbox 638 2774 715 2824; x_wconf 91' lang='lat' dir='ltr'><strong>sunt</strong></span> <span class='ocrx_word' id='word_1_143' title='bbox 738 2762 802 2846; x_wconf 57' lang='lat' dir='ltr'><strong>lt).</strong></span> 
     </span>
    </p>
   </div>
   <div class='ocr_carea' id='block_1_5' title="bbox 345 3097 1034 3180">
    <p class='ocr_par' dir='ltr' id='par_1_5' title="bbox 345 3097 1034 3180">
     <span class='ocr_line' id='line_1_23' title="bbox 345 3097 1034 3180; baseline 0.006 -4"><span class='ocrx_word' id='word_1_144' title='bbox 345 3097 513 3179; x_wconf 90' lang='lat' dir='ltr'>ORDO</span> <span class='ocrx_word' id='word_1_145' title='bbox 550 3101 597 3176; x_wconf 89' lang='lat' dir='ltr'><strong>V.</strong></span> <span class='ocrx_word' id='word_1_146' title='bbox 650 3097 1034 3180; x_wconf 85' lang='lat' dir='ltr'><strong>HEPATICAE.</strong></span> 
     </span>
    </p>
   </div>
   <div class='ocr_carea' id='block_1_6' title="bbox 629 3303 746 3383">
    <p class='ocr_par' dir='ltr' id='par_1_6' title="bbox 629 3303 746 3383">
     <span class='ocr_line' id='line_1_24' title="bbox 629 3303 746 3383; baseline 0 -18"><span class='ocrx_word' id='word_1_147' title='bbox 629 3305 652 3383; x_wconf 66' lang='lat' dir='ltr'><strong>t.</strong></span> <span class='ocrx_word' id='word_1_148' title='bbox 694 3303 746 3383; x_wconf 78' lang='lat'><strong>32.</strong></span> 
     </span>
    </p>
   </div>
   <div class='ocr_carea' id='block_1_7' title="bbox 139 3432 1235 3851">
    <p class='ocr_par' dir='ltr' id='par_1_7' title="bbox 139 3432 1235 3851">
     <span class='ocr_line' id='line_1_25' title="bbox 223 3432 1234 3524; baseline 0.002 -24"><span class='ocrx_word' id='word_1_149' title='bbox 223 3437 280 3502; x_wconf 92' lang='lat' dir='ltr'><strong>Ab</strong></span> <span class='ocrx_word' id='word_1_150' title='bbox 291 3433 579 3524; x_wconf 84' lang='lat' dir='ltr'><strong>Homallophyllis</strong></span> <span class='ocrx_word' id='word_1_151' title='bbox 594 3434 638 3498; x_wconf 91' lang='lat' dir='ltr'><strong>ad</strong></span> <span class='ocrx_word' id='word_1_152' title='bbox 652 3435 889 3524; x_wconf 85' lang='lat' dir='ltr'><strong>perfectiorem</strong></span> <span class='ocrx_word' id='word_1_153' title='bbox 902 3432 1188 3524; x_wconf 86' lang='lat' dir='ltr'><strong>organisationem</strong></span> <span class='ocrx_word' id='word_1_154' title='bbox 1198 3459 1234 3502; x_wconf 90' lang='lat' dir='ltr'><strong>se</strong></span> 
     </span>
     <span class='ocr_line' id='line_1_26' title="bbox 141 3543 1234 3635; baseline 0.003 -28"><span class='ocrx_word' id='word_1_155' title='bbox 141 3547 308 3610; x_wconf 85' lang='lat' dir='ltr'><strong>evolvunt</strong></span> <span class='ocrx_word' id='word_1_156' title='bbox 323 3544 515 3633; x_wconf 85' lang='lat' dir='ltr'><strong>Hepaticae.</strong></span> <span class='ocrx_word' id='word_1_157' title='bbox 549 3544 739 3633; x_wconf 81' lang='lat' dir='ltr'><strong>Propagula</strong></span> <span class='ocrx_word' id='word_1_158' title='bbox 750 3546 833 3609; x_wconf 84' lang='lat' dir='ltr'><strong>v&#39;ero</strong></span> <span class='ocrx_word' id='word_1_159' title='bbox 847 3567 917 3610; x_wconf 92' lang='lat' dir='ltr'><strong>non</strong></span> <span class='ocrx_word' id='word_1_160' title='bbox 930 3543 1071 3635; x_wconf 86' lang='lat' dir='ltr'><strong>amplius</strong></span> <span class='ocrx_word' id='word_1_161' title='bbox 1084 3543 1234 3634; x_wconf 86' lang='lat' dir='ltr'><strong>dispersa</strong></span> 
     </span>
     <span class='ocr_line' id='line_1_27' title="bbox 142 3651 1235 3741; baseline 0.004 -26"><span class='ocrx_word' id='word_1_162' title='bbox 142 3666 266 3717; x_wconf 87' lang='lat' dir='ltr'><strong>suntet</strong></span> <span class='ocrx_word' id='word_1_163' title='bbox 282 3651 397 3718; x_wconf 84' lang='lat' dir='ltr'><strong>frondi</strong></span> <span class='ocrx_word' id='word_1_164' title='bbox 413 3651 579 3732; x_wconf 87' lang='lat' dir='ltr'><strong>immersa,</strong></span> <span class='ocrx_word' id='word_1_165' title='bbox 596 3655 657 3718; x_wconf 90' lang='lat' dir='ltr'><strong>sed</strong></span> <span class='ocrx_word' id='word_1_166' title='bbox 675 3656 731 3720; x_wconf 83' lang='lat' dir='ltr'><strong>vel</strong></span> <span class='ocrx_word' id='word_1_167' title='bbox 747 3651 927 3718; x_wconf 88' lang='lat' dir='ltr'><strong>acervatim</strong></span> <span class='ocrx_word' id='word_1_168' title='bbox 941 3653 978 3715; x_wconf 91' lang='lat' dir='ltr'><strong>in</strong></span> <span class='ocrx_word' id='word_1_169' title='bbox 989 3653 1167 3741; x_wconf 90' lang='lat' dir='ltr'><strong>superficie</strong></span> <span class='ocrx_word' id='word_1_170' title='bbox 1177 3657 1235 3720; x_wconf 88' lang='lat' dir='ltr'><strong>vel</strong></span> 
     </span>
     <span class='ocr_line' id='line_1_28' title="bbox 139 3758 1234 3851; baseline 0.004 -27"><span class='ocrx_word' id='word_1_171' title='bbox 139 3758 178 3824; x_wconf 90' lang='lat' dir='ltr'><strong>in</strong></span> <span class='ocrx_word' id='word_1_172' title='bbox 192 3759 341 3851; x_wconf 87' lang='lat' dir='ltr'><strong>propriis</strong></span> <span class='ocrx_word' id='word_1_173' title='bbox 352 3759 529 3850; x_wconf 88' lang='lat' dir='ltr'><strong>pedicellis</strong></span> <span class='ocrx_word' id='word_1_174' title='bbox 546 3784 646 3850; x_wconf 89' lang='lat' dir='ltr'><strong>supra</strong></span> <span class='ocrx_word' id='word_1_175' title='bbox 663 3759 797 3827; x_wconf 87' lang='lat' dir='ltr'><strong>frondis</strong></span> <span class='ocrx_word' id='word_1_176' title='bbox 816 3758 1036 3825; x_wconf 86' lang='lat' dir='ltr'><strong>substantiam</strong></span> <span class='ocrx_word' id='word_1_177' title='bbox 1050 3763 1234 3828; x_wconf 87' lang='lat' dir='ltr'><strong>ascendunt</strong></span> 
     </span>
    </p>
   </div>
   <div class='ocr_carea' id='block_1_8' title="bbox 144 3876 349 3893">
    <p class='ocr_par' dir='ltr' id='par_1_8' title="bbox 144 3876 349 3893">
     <span class='ocr_line' id='line_1_29' title="bbox 144 3876 349 3893; baseline 0.005 -1"><span class='ocrx_word' id='word_1_178' title='bbox 144 3876 349 3893; x_wconf 50' lang='grc'><strong>*-</strong></span> 
     </span>
    </p>
   </div>
   <div class='ocr_carea' id='block_1_9' title="bbox 140 3919 1235 4190">
    <p class='ocr_par' dir='ltr' id='par_1_9' title="bbox 140 3919 1235 4190">
     <span class='ocr_line' id='line_1_30' title="bbox 211 3919 1235 3994; baseline 0.004 -19"><span class='ocrx_word' id='word_1_179' title='bbox 211 3923 242 3984; x_wconf 78' lang='lat'><strong>⁴¹¹)</strong></span> <span class='ocrx_word' id='word_1_180' title='bbox 261 3920 319 3976; x_wconf 78' lang='lat' dir='ltr'><strong>Cfr.</strong></span> <span class='ocrx_word' id='word_1_181' title='bbox 340 3923 483 3994; x_wconf 80' lang='lat' dir='ltr'><strong>Spreugel,</strong></span> <span class='ocrx_word' id='word_1_182' title='bbox 502 3923 520 3978; x_wconf 87' lang='lat' dir='ltr'><strong>l.</strong></span> <span class='ocrx_word' id='word_1_183' title='bbox 541 3941 565 3977; x_wconf 84' lang='lat' dir='ltr'><strong>c.</strong></span> <span class='ocrx_word' id='word_1_184' title='bbox 584 3924 649 3979; x_wconf 77' lang='lat' dir='ltr'><strong>Tul).</strong></span> <span class='ocrx_word' id='word_1_185' title='bbox 670 3923 697 3976; x_wconf 83' lang='grc'><strong>4.</strong></span> <span class='ocrx_word' id='word_1_186' title='bbox 714 3923 765 3994; x_wconf 81' lang='lat' dir='ltr'><strong>F&#39;ig</strong></span> <span class='ocrx_word' id='word_1_187' title='bbox 792 3922 826 3974; x_wconf 83' lang='lat'><strong>63</strong></span> <span class='ocrx_word' id='word_1_188' title='bbox 844 3930 870 3974; x_wconf 81' lang='lat' dir='ltr'><strong>ct</strong></span> <span class='ocrx_word' id='word_1_189' title='bbox 887 3919 983 3973; x_wconf 81' lang='grc'>64.·-</span> <span class='ocrx_word' id='word_1_190' title='bbox 1005 3926 1097 3975; x_wconf 83' lang='lat' dir='ltr'><strong>Weber</strong></span> <span class='ocrx_word' id='word_1_191' title='bbox 1109 3934 1136 3977; x_wconf 84' lang='lat' dir='ltr'><strong>ct</strong></span> <span class='ocrx_word' id='word_1_192' title='bbox 1152 3929 1235 3978; x_wconf 77' lang='lat' dir='ltr'><strong>Matr</strong></span> 
     </span>
     <span class='ocr_line' id='line_1_31' title="bbox 140 4014 1173 4087; baseline -0.004 -15"><span class='ocrx_word' id='word_1_193' title='bbox 140 4019 243 4072; x_wconf 81' lang='lat' dir='ltr'><strong>Botun.</strong></span> <span class='ocrx_word' id='word_1_194' title='bbox 263 4019 460 4074; x_wconf 79' lang='lat' dir='ltr'><strong>&#39;l&#39;uschenbuclr</strong></span> <span class='ocrx_word' id='word_1_195' title='bbox 478 4018 530 4072; x_wconf 87' lang='lat' dir='ltr'><strong>auf</strong></span> <span class='ocrx_word' id='word_1_196' title='bbox 543 4020 589 4074; x_wconf 86' lang='lat' dir='ltr'><strong>das</strong></span> <span class='ocrx_word' id='word_1_197' title='bbox 606 4019 674 4074; x_wconf 85' lang='lat' dir='ltr'><strong>Jahr</strong></span> <span class='ocrx_word' id='word_1_198' title='bbox 693 4018 770 4070; x_wconf 83' lang='lat'><strong>1807.</strong></span> <span class='ocrx_word' id='word_1_199' title='bbox 787 4016 854 4070; x_wconf 84' lang='lat' dir='ltr'><strong>Tah.</strong></span> <span class='ocrx_word' id='word_1_200' title='bbox 874 4014 934 4068; x_wconf 93' lang='lat' dir='ltr'><strong>Xll.</strong></span> <span class='ocrx_word' id='word_1_201' title='bbox 952 4014 1011 4087; x_wconf 72' lang='lat' dir='ltr'><strong>rig.</strong></span> <span class='ocrx_word' id='word_1_202' title='bbox 1032 4019 1065 4069; x_wconf 92' lang='lat'><strong>10</strong></span> <span class='ocrx_word' id='word_1_203' title='bbox 1082 4028 1110 4073; x_wconf 85' lang='lat' dir='ltr'><strong>et</strong></span> <span class='ocrx_word' id='word_1_204' title='bbox 1129 4023 1173 4079; x_wconf 73' lang='lat'><strong>11,</strong></span> 
     </span>
     <span class='ocr_line' id='line_1_32' title="bbox 214 4111 989 4190; baseline -0.003 -24"><span class='ocrx_word' id='word_1_205' title='bbox 214 4115 261 4175; x_wconf 75' lang='lat' dir='ltr'><strong>”J</strong></span> <span class='ocrx_word' id='word_1_206' title='bbox 279 4111 337 4168; x_wconf 78' lang='lat' dir='ltr'><strong>Cir.</strong></span> <span class='ocrx_word' id='word_1_207' title='bbox 358 4116 487 4190; x_wconf 67' lang='lat' dir='ltr'><strong>Sprepgel</strong></span> <span class='ocrx_word' id='word_1_208' title='bbox 504 4115 522 4168; x_wconf 80' lang='lat' dir='ltr'><strong>l.</strong></span> <span class='ocrx_word' id='word_1_209' title='bbox 540 4133 565 4172; x_wconf 82' lang='lat' dir='ltr'><strong>c.</strong></span> <span class='ocrx_word' id='word_1_210' title='bbox 583 4116 650 4169; x_wconf 73' lang='lat' dir='ltr'><strong>Tnb.</strong></span> <span class='ocrx_word' id='word_1_211' title='bbox 669 4115 695 4167; x_wconf 87' lang='grc'><strong>4.</strong></span> <span class='ocrx_word' id='word_1_212' title='bbox 714 4113 772 4185; x_wconf 80' lang='lat' dir='ltr'><strong>Fig.</strong></span> <span class='ocrx_word' id='word_1_213' title='bbox 789 4112 834 4180; x_wconf 78' lang='grc'><strong>63,</strong></span> <span class='ocrx_word' id='word_1_214' title='bbox 852 4112 887 4166; x_wconf 79' lang='grc'><strong>64</strong></span> <span class='ocrx_word' id='word_1_215' title='bbox 904 4120 930 4166; x_wconf 80' lang='lat' dir='ltr'><strong>el</strong></span> <span class='ocrx_word' id='word_1_216' title='bbox 946 4111 989 4164; x_wconf 83' lang='lat'><strong>85.</strong></span> 
     </span>
    </p>
   </div>
   <div class='ocr_carea' id='block_1_10' title="bbox 0 0 1388 4718">
    <p class='ocr_par' dir='ltr' id='par_1_10' title="bbox 0 0 1388 4718">
     <span class='ocr_line' id='line_1_33' title="bbox 0 0 1388 4718; baseline 0 0"><span class='ocrx_word' id='word_1_217' title='bbox 0 0 1388 4718; x_wconf 95' lang='lat' dir='ltr'><strong> </strong></span> 
     </span>
    </p>
   </div>
  </div>
 </body>
</html>
