2744 4718
678 283 770 406 E

657 496 679 574 t·
734 494 783 556 1⁸·

258 629 342 697 Nisu
359 632 438 695 vhcc
466 623 707 716 reproduotivo
737 624 773 689 in
802 621 956 696 altiorem
978 621 1119 710 gradum
1139 634 1271 699 evecto,

183 744 315 820 Uterus,
336 737 459 826 fungus
483 739 624 814 clausus,
645 735 735 799 intus
749 753 929 822 expansus,
950 730 1078 794 semina
1091 729 1273 819 (spcridia)

177 849 359 938 colligens,
379 844 483 912 variis
503 840 613 909 modis
634 839 1057 932 rumpens‚·progignitur.
1099 839 1175 906 Jam
1194 855 1275 906 ute-

178 981 237 1023 rus
269 954 418 1046 spcridia
446 952 602 1017 distincte
628 964 839 1038 entospora,‘
860 947 979 1015 floccis
1000 946 1198 1014 intermixta
1217 948 1275 1015 in-

179 1063 297 1130 cludit.
338 1063 475 1128 Infimae
499 1068 552 1148 (v.
581 1084 630 1149 gr.
658 1061 863 1150 Polysticto)
892 1071 969 1122 sunt
1001 1057 1144 1122 cellulae
1171 1058 1274 1146 plan-

178 1187 289 1237 tarum
310 1173 345 1236 in
366 1186 452 1237 statu
473 1170 656 1247 morboso,
679 1191 740 1232 seu
757 1166 899 1231 cellulae
916 1167 1107 1254 plantarum
1122 1182 1276 1232 conver-

178 1281 275 1347 sione
296 1280 442 1369 quadam
464 1282 709 1344 elementorum
738 1287 932 1354 concretae,
959 1271 1052 1338 utin
1071 1275 1275 1360 Perisporio‚

179 1414 240 1456 seu
269 1389 447 1466 confusae,
478 1399 516 1449 ut
546 1384 583 1447 in
606 1385 796 1475 Xylcmotc.
839 1378 1016 1446 Manifeste
1037 1379 1145 1469 etiam·
1160 1397 1276 1450 uterus

176 1499 351 1565 fructuum
372 1509 406 1558 et
427 1493 639 1580 capsularum
660 1491 804 1556 ferinam
824 1487 861 1552 in
881 1485 1141 1577 perfectioribus
1153 1490 1277 1582 plantis

180 1630 255 1672 sese
275 1602 472 1670 offerentem
490 1598 704 1688 praefigurat.

670 1793 694 1871 t.
739 1789 788 1855 19.

260 1925 360 1990 llisus
379 1922 479 1988 ‘idem
498 1920 761 2012 reproductivus
781 1917 888 2012 porro
908 1931 1278 2023 receptaculumapeu-

179 2048 267 2114 tum,
297 2029 462 2123 sporidiis
491 2028 678 2111 immersis,
697 2053 759 2096 seu
780 2033 984 2124 Hymettium
1003 2034 1152 2127 profert,
1182 2045 1280 2131 quod

180 2156 288 2207 totum
316 2165 334 2205 e
363 2139 495 2205 cellulis
522 2137 646 2227 partim
668 2135 804 2220 solutis,
830 2138 953 2230 partim
974 2145 1141 2232 elongatis
1162 2152 1278 2216 conti-

170 2249 257 2338 ·guis
279 2262 483 2315 concretum.
528 2244 687 2336 Sporidia
703 2246 836 2337 saepius
854 2248 1004 2339 propriis
1020 2252 1151 2320 cellulis
1164 2256 1277 2347 (ascia)

182 2360 413 2428 involvuntur.
457 2355 559 2438 Quod
579 2353 823 2444 perfectiorum
843 2354 981 2445 quidem
1000 2357 1187 2430 formarum
1206 2368 1279 2458 hy-

121 2499 123 2503 >
181 2466 331 2532 menium
353 2481 465 2533 cetera
494 2486 620 2552 organa
640 2463 903 2554 jamdesoripta
924 2468 1123 2554 continens,
1153 2497 1283 2567 recep-⁴

170 2576 331 2638 taculum
352 2576 542 2663 plantarum
563 2569 778 2661 superiorum
804 2571 906 2639 simul
934 2599 1011 2641 cum
1036 2578 1122 2647 flore
1142 2581 1278 2650 fructu.

184 2705 252 2768 que
272 2693 517 2770 repraesentat,
537 2679 739 2769 infimaeque
760 2685 833 2761 ejus
854 2681 1076 2753 formationes
1096 2713 1178 2756 vera
1199 2709 1277 2760 sunt
1347 2731 1353 2741 ·

185 2787 315 2853 semina
337 2801 424 2857 statu
444 2790 604 2855 morboso
629 2792 673 2876 (v.
697 2812 725 2855 c.
748 2789 919 2857 Scherotii
939 2772 1094 2882 species).
1139 2801 1153 2884 )

667 2959 690 3038 t.
732 2957 783 3021 20.

264 3084 420 3175 Sporidia
442 3088 543 3170 nuda,
566 3113 585 3155 e
606 3086 912 3181 quibusEpiphyti
931 3108 1095 3178 constant,
1116 3097 1152 3164 in
1170 3078 1287 3191 erga-¹
1352 3087 1353 3090 Ἴ

183 3193 298 3258 nismis
320 3193 410 3261 vivis
431 3197 494 3260 sed
518 3195 811 3284 languescentibus
832 3201 890 3263 vel
910 3201 953 3266 ad
975 3225 1276 3276 summumrecen-

184 3315 237 3366 ter
257 3303 418 3371 emortuis
438 3303 705 3393 progignuntur3
732 3303 859 3387 Flocoi,
881 3308 941 3397 qui
961 3310 1178 3382 Mucedineas
1198 3317 1277 3384 for-

182 3426 283 3491 mant,
305 3436 351 3477 ex
361 3409 571 3500 birganismis
589 3411 861 3500 putrescentibus
874 3415 1167 3513 (fervescentibus)
1184 3450 1275 3494 exo-
1353 3414 1355 3419 ⁵

178 3517 328 3602 riuntur3
351 3521 486 3598 Uterus,
511 3518 674 3610 Xylarios
695 3520 854 3602 formans,
875 3521 912 3587 in
934 3528 1133 3614 organismis
1153 3549 1274 3622 putre-

179 3625 295 3710 factis,
317 3652 418 3718 saepe
441 3627 542 3693 etiam
562 3627 597 3692 in
620 3630 923 3697 exsiccantibus⁸ot
935 3630 1172 3706 indurantibus
1187 3666 1274 3732 pro-

177 3734 301 3818 fertur3
334 3734 542 3827 Hymenium
573 3735 709 3803 tandem
737 3736 921 3827 Geogeniis
949 3750 1123 3832 proprium
1143 3768 1163 3814 e·
1184 3764 1274 3821 terra

178 3843 321 3934 ipsaque
340 3846 446 3912 humo
467 3846 629 3935 exsurgit.
672 3843 786 3930 Quum
795 3868 880 3921 vero
893 3840 1015 3915 harum
1033 3849 1273 3929 formationum

193 4010 387 4033 m

248 4085 277 4153 ‘)
294 4083 397 4143 confer.
415 4086 487 4141 Fries
505 4080 626 4148 systema
644 4083 860 4156 mycologicunt:
877 4084 907 4140 in
924 4085 1071 4146 introduct.
