2744 4718
571 328 645 448 21

62 535 131 599 cies
158 532 390 610 Garumnae,
433 544 466 595 et
507 543 665 618 quantam
692 524 948 591 similitudinem
980 529 1163 600 ostendunt

62 647 179 712 habitu
196 667 230 709 v.
244 667 275 733 g.
297 644 496 726 Equisetum
516 637 735 723 variegatam
759 649 792 699 et
813 658 981 700 ramosum
1008 661 1085 703 cum
1105 645 1168 720 ju-

59 755 213 822 nioribus
230 741 342 818 adbuc
357 771 428 815 non
443 743 631 813 fructiferis
647 743 770 832 plantis
789 745 969 829 prcdrae
988 765 1162 821 monaste.-

62 857 202 952 cltyae?
221 900 263 912 -
304 857 361 922 Ab
378 855 463 945 ipsis
491 850 660 937 Goniferis
677 850 919 938 Equisetaceae
938 875 1006 920 non
1033 857 1161 922 abhor-

64 987 158 1052 rent3
179 993 292 1037 nonne
311 968 409 1031 locus
429 964 591 1050 Equitem
606 961 770 1052 sylvatico
785 959 950 1025 obductus
963 967 1079 1052 pineto
1092 963 1161 1030 mi-

65 1079 244 1144 nutissimo
267 1073 410 1141 similis?
450 1072 564 1137 Etiam
590 1065 725 1135 strobili
749 1070 957 1154 quarundam
977 1071 1159 1160 Conifera*

65 1212 142 1254 rum
165 1212 197 1253 v.
226 1209 254 1252 c.
277 1184 432 1268 Cupressi
455 1177 606 1267 ¹squamis
624 1176 778 1265 peltatis,
801 1180 915 1243 subter
939 1181 1059 1265 quibus
1078 1208 1160 1273 ger-

63 1295 155 1360 mina
170 1294 355 1385 subsident,
372 1312 451 1357 oum
466 1286 768 1377 Equisetacearum
784 1285 887 1374 spicis
901 1289 1063 1378 praebent
1076 1317 1160 1359 ana-

60 1403 197 1493 logiam.
303 1408 310 1416 ’

284 1602 453 1681 ORDO
490 1607 564 1680 Xl.
628 1605 931 1682 CHAREAE.

555 1761 578 1841 t.
623 1758 673 1821 56.

147 1866 288 1934 Generis
310 1864 444 1929 Chartae
461 1863 592 1953 species
613 1888 632 1928 a
655 1861 708 1928 rei
728 1865 906 1930 herbariae
932 1864 1156 1957 scriptoribus

58 1976 142 2043 inde
165 1977 206 2040 ab
227 1976 321 2042 omni
341 1987 495 2062 tempore
515 1987 588 2038 tum
609 1970 792 2062 peculiaris
815 1995 1022 2065 organorum
1045 1991 1158 2043 struc-

60 2102 157 2151 turae
175 2107 298 2162 causa‚
318 2097 408 2159 tum,
431 2080 512 2169 quia
534 2081 699 2146 accuratis
722 2083 880 2159 carebant
904 2085 1158 2169 observationi·
1188 2074 1193 2084 ⁸

62 2190 141 2274 bus',
177 2215 222 2255 ex
249 2188 314 2254 alia
345 2187 491 2270 familia,
536 2214 581 2255 ex
609 2188 678 2255 alio
703 2191 825 2256 ordine
862 2189 932 2257 imo
971 2193 1072 2259 etiam
1095 2223 1157 2268 ex

64 2302 130 2367 alia
166 2302 272 2366 classe
301 2296 337 2363 in
361 2297 462 2362 aliam
489 2303 634 2378 rejectae
665 2315 762 2381 sunt,
803 2315 967 2388 quatenus
996 2303 1049 2368 illi
1079 2305 1153 2371 affi—

60 2411 201 2476 nitatem
226 2433 302 2474 cum
328 2409 392 2473 hac
420 2409 478 2474 vel
504 2407 565 2473 illa
595 2408 797 2498 cognovisse
819 2411 1055 2500 opinabantur.
1099 2412 1154 2481 Sic

59 2524 231 2586 sessiacus
239 2521 273 2601 ἦ)
291 2541 348 2582 eas
363 2516 549 2596 Naiadibus
563 2515 763 2606 adscripsit,
786 2512 960 2586 Linnaeus
979 2537 1089 2587 autem
1101 2526 1156 2610 aa)

61 2628 151 2694 inter
168 2627 303 2715 ordines
325 2626 494 2691 naturales
511 2623 703 2705 Inundatus,
733 2626 823 2690 etin
846 2642 1028 2717 systemate
1047 2655 1155 2697 sexu-

62 2735 109 2802 ali
128 2738 204 2823 ***)
232 2735 339 2804 Classi
361 2732 543 2800 vicesimae
571 2731 701 2823 primae
720 2735 945 2820 (Monoeciae)
974 2736 1154 2805 Phanero-

10 2872 12 2877 ·
58 2869 240 2939 gamarum.
286 2845 328 2909 V.
350 2844 394 2909 V.
421 2842 509 2909 Clar.
526 2843 686 2908 Smitltitts
705 2854 738 2904 et
755 2843 916 2907 Besscrus
935 2843 1035 2908 etiam
1051 2849 1154 2934 plan-

54 2953 102 3023 tio
116 2948 379 3049 phanerogamis
401 2975 457 3016 eas
472 2951 693 3015 adnumerant
712 2963 745 3016 et
765 2948 814 3014 sic
834 2950 902 3016 alii.
930 2951 1145 3023 Recentiori-
1224 2958 1228 2967 ’

53 3064 119 3128 bus
138 3076 266 3141 autem,
306 3052 339 3125 et
359 3057 514 3148 inprimis
538 3059 625 3126 Clar.
656 3060 850 3125 Wattrottit
872 3063 907 3146 †)
934 3059 1152 3153 diligentibus

56 3171 271 3259 maximeque
289 3166 468 3233 laudandis
487 3167 780 3259 disquisitionibus
802 3167 1033 3252 confirmatur,
1058 3171 1151 3240 Cha-

59 3303 115 3344 ras
128 3282 217 3353 nulla
234 3277 431 3345 conditione
442 3277 707 3368 Phanerogamis
720 3280 789 3366 (vel
802 3277 1061 3369 Cotyledoneis)
1077 3305 1149 3346 esse

57 3370 332 3454 adnumerandam.
547 3477 560 3554 q
615 3472 655 3537 57

138 3579 303 3644 Attamen
326 3578 484 3668 equidem
508 3581 731 3646 vehementer
754 3581 864 3644 a'dhuo
883 3580 1023 3661 dubito,
1051 3605 1094 3646 an
1112 3581 1149 3647 in

51 3702 238 3779 systemate
267 3688 494 3755 construendo
523 3687 656 3753 Citaroo
678 3686 778 3778 Algis
803 3687 1045 3754 adscribendae
1073 3691 1147 3754 siut.

124 3853 154 3912 ‘J
172 3857 278 3905 Juatieu
292 3851 393 3904 Gener.
408 3853 491 3922 plant.
505 3851 614 3904 secund.
632 3851 692 3905 ord.
712 3861 765 3905 nat.
780 3871 806 3922 p.
822 3851 862 3902 16.
954 3900 956 3904 ,

125 3948 168 4008 ·’)
189 3952 303 3999 Linnaei
317 3946 450 3999 Praelect.
462 3945 491 3998 in
507 3947 565 3999 ord.
579 3948 662 4017 plant.
681 3954 737 3999 nat.
755 3945 801 3998 ed.
817 3942 914 3999 Gisclre
931 3965 959 4015 p.
973 3946 1035 3997 228.

123 4042 184 4103 ι’“)
205 4046 318 4095 Linnaei
335 4043 445 4114 Species
459 4042 573 4112 plantor.
590 4041 731 4102 (blonoec.
755 4041 917 4103 Monandn)

124 4139 161 4202 †)
183 4137 316 4191 Wallrorlt
331 4139 423 4192 Annus
439 4137 584 4192 botanicus
600 4157 628 4207 p.
648 4139 713 4204 157,
733 4153 789 4209 sqq.

883 4234 939 4303 (μ
