<?xml version="1.0" encoding="UTF-8"?>
<!DOCTYPE html PUBLIC "-//W3C//DTD XHTML 1.0 Transitional//EN"
    "http://www.w3.org/TR/xhtml1/DTD/xhtml1-transitional.dtd">
<html xmlns="http://www.w3.org/1999/xhtml" xml:lang="en" lang="en">
 <head>
  <title>
</title>
<meta http-equiv="Content-Type" content="text/html;charset=utf-8" />
  <meta name='ocr-system' content='tesseract 3.04.00' />
  <meta name='ocr-capabilities' content='ocr_page ocr_carea ocr_par ocr_line ocrx_word'/>
</head>
<body>
  <div class='ocr_page' id='page_1' title='image "./deplantarumprae00biscgoog_0040.png"; bbox 0 0 2744 4718; ppageno 0'>
   <div class='ocr_carea' id='block_1_1' title="bbox 637 308 734 431">
    <p class='ocr_par' dir='ltr' id='par_1_1' title="bbox 637 308 734 431">
     <span class='ocr_line' id='line_1_1' title="bbox 637 308 734 431; baseline 0 -50"><span class='ocrx_word' id='word_1_1' title='bbox 637 308 734 431; x_wconf 54' lang='lat'>—3-1-</span> 
     </span>
    </p>
   </div>
   <div class='ocr_carea' id='block_1_2' title="bbox 129 511 1233 1040">
    <p class='ocr_par' dir='ltr' id='par_1_2' title="bbox 129 511 1232 1040">
     <span class='ocr_line' id='line_1_2' title="bbox 129 511 1230 604; baseline -0.005 -21"><span class='ocrx_word' id='word_1_2' title='bbox 129 518 297 584; x_wconf 85' lang='lat' dir='ltr'>seminula</span> <span class='ocrx_word' id='word_1_3' title='bbox 324 517 480 604; x_wconf 89' lang='lat' dir='ltr'>(sporas)</span> <span class='ocrx_word' id='word_1_4' title='bbox 510 512 686 604; x_wconf 85' lang='lat' dir='ltr'>pedicellis</span> <span class='ocrx_word' id='word_1_5' title='bbox 720 511 1028 594; x_wconf 85' lang='lat' dir='ltr'>fasciaeformibus,</span> <span class='ocrx_word' id='word_1_6' title='bbox 1060 513 1230 603; x_wconf 78' lang='lat' dir='ltr'><strong>spiraliter</strong></span> 
     </span>
     <span class='ocr_line' id='line_1_3' title="bbox 134 620 1229 710; baseline -0.005 -17"><span class='ocrx_word' id='word_1_7' title='bbox 134 626 298 693; x_wconf 88' lang='lat' dir='ltr'>contortis</span> <span class='ocrx_word' id='word_1_8' title='bbox 318 624 548 710; x_wconf 79' lang='lat' dir='ltr'>(Elnteribua)</span> <span class='ocrx_word' id='word_1_9' title='bbox 570 621 675 688; x_wconf 80' lang='lat' dir='ltr'>affixa</span> <span class='ocrx_word' id='word_1_10' title='bbox 695 623 908 700; x_wconf 77' lang='lat' dir='ltr'>continente,</span> <span class='ocrx_word' id='word_1_11' title='bbox 942 645 981 687; x_wconf 91' lang='lat' dir='ltr'>ac</span> <span class='ocrx_word' id='word_1_12' title='bbox 1006 620 1100 689; x_wconf 87' lang='lat' dir='ltr'>veris</span> <span class='ocrx_word' id='word_1_13' title='bbox 1124 620 1229 703; x_wconf 83' lang='lat' dir='ltr'>foliis,</span> 
     </span>
     <span class='ocr_line' id='line_1_4' title="bbox 133 728 1232 854; baseline -0.006 -52"><span class='ocrx_word' id='word_1_14' title='bbox 133 739 171 802; x_wconf 90' lang='lat' dir='ltr'>in</span> <span class='ocrx_word' id='word_1_15' title='bbox 192 758 281 822; x_wconf 91' lang='lat' dir='ltr'>quae</span> <span class='ocrx_word' id='word_1_16' title='bbox 299 732 396 799; x_wconf 82' lang='lat' dir='ltr'>frons</span> <span class='ocrx_word' id='word_1_17' title='bbox 418 729 692 812; x_wconf 74' lang='lat' dir='ltr'>transformatur,</span> <span class='ocrx_word' id='word_1_18' title='bbox 715 755 782 822; x_wconf 72' lang='lat' dir='ltr'>qua</span> <span class='ocrx_word' id='word_1_19' title='bbox 800 733 944 854; x_wconf 84' lang='lat' dir='ltr'>capsula,</span> <span class='ocrx_word' id='word_1_20' title='bbox 961 729 999 795; x_wconf 89' lang='lat' dir='ltr'>in</span> <span class='ocrx_word' id='word_1_21' title='bbox 1011 728 1232 820; x_wconf 85' lang='lat' dir='ltr'>perfectiori-</span> 
     </span>
     <span class='ocr_line' id='line_1_5' title="bbox 133 837 1231 931; baseline -0.005 -21"><span class='ocrx_word' id='word_1_22' title='bbox 133 845 224 910; x_wconf 88' lang='lat' dir='ltr'>bus</span> <span class='ocrx_word' id='word_1_23' title='bbox 214 866 282 923; x_wconf 83' lang='lat' dir='ltr'>Jam</span> <span class='ocrx_word' id='word_1_24' title='bbox 295 841 423 907; x_wconf 87' lang='lat' dir='ltr'>caduca</span> <span class='ocrx_word' id='word_1_25' title='bbox 437 843 591 931; x_wconf 86' lang='lat' dir='ltr'>calyptra</span> <span class='ocrx_word' id='word_1_26' title='bbox 604 837 773 929; x_wconf 87' lang='lat' dir='ltr'>praedita,</span> <span class='ocrx_word' id='word_1_27' title='bbox 789 840 946 929; x_wconf 80' lang='lat' dir='ltr'>proxime</span> <span class='ocrx_word' id='word_1_28' title='bbox 964 842 1008 907; x_wconf 91' lang='lat' dir='ltr'>ad</span> <span class='ocrx_word' id='word_1_29' title='bbox 1018 842 1153 907; x_wconf 86' lang='lat' dir='ltr'>Muscos</span> <span class='ocrx_word' id='word_1_30' title='bbox 1169 864 1231 906; x_wconf 88' lang='lat' dir='ltr'>ac·-</span> 
     </span>
     <span class='ocr_line' id='line_1_6' title="bbox 135 946 1233 1040; baseline -0.001 -20"><span class='ocrx_word' id='word_1_31' title='bbox 135 952 274 1031; x_wconf 86' lang='lat' dir='ltr'>cedunt,</span> <span class='ocrx_word' id='word_1_32' title='bbox 287 950 368 1015; x_wconf 90' lang='lat' dir='ltr'>dum</span> <span class='ocrx_word' id='word_1_33' title='bbox 377 946 502 1016; x_wconf 74' lang='lat' dir='ltr'>honde</span> <span class='ocrx_word' id='word_1_34' title='bbox 517 951 697 1039; x_wconf 86' lang='lat' dir='ltr'>explanata</span> <span class='ocrx_word' id='word_1_35' title='bbox 706 947 898 1013; x_wconf 88' lang='lat' dir='ltr'>mhmarum</span> <span class='ocrx_word' id='word_1_36' title='bbox 905 946 1092 1017; x_wconf 84' lang='lat' dir='ltr'>formarum</span> <span class='ocrx_word' id='word_1_37' title='bbox 1102 963 1135 1014; x_wconf 90' lang='lat' dir='ltr'>et</span> <span class='ocrx_word' id='word_1_38' title='bbox 1145 973 1233 1040; x_wconf 91' lang='lat' dir='ltr'>pro</span> 
     </span>
    </p>
   </div>
   <div class='ocr_carea' id='block_1_3' title="bbox 135 1055 1330 1150">
    <p class='ocr_par' dir='ltr' id='par_1_3' title="bbox 135 1055 1330 1150">
     <span class='ocr_line' id='line_1_7' title="bbox 135 1055 1330 1150; baseline -0.001 -25"><span class='ocrx_word' id='word_1_39' title='bbox 135 1061 337 1150; x_wconf 88' lang='lat' dir='ltr'>pagulorum</span> <span class='ocrx_word' id='word_1_40' title='bbox 355 1057 557 1126; x_wconf 78' lang='lat' dir='ltr'>acervulis</span> <span class='ocrx_word' id='word_1_41' title='bbox 546 1083 585 1123; x_wconf 88' lang='grc' dir='ltr'>ιιι</span> <span class='ocrx_word' id='word_1_42' title='bbox 606 1081 647 1124; x_wconf 89' lang='lat' dir='ltr'>ea</span> <span class='ocrx_word' id='word_1_43' title='bbox 672 1055 783 1122; x_wconf 88' lang='lat' dir='ltr'>obviis</span> <span class='ocrx_word' id='word_1_44' title='bbox 805 1056 850 1123; x_wconf 91' lang='lat' dir='ltr'>ad</span> <span class='ocrx_word' id='word_1_45' title='bbox 874 1058 1016 1123; x_wconf 86' lang='lat' dir='ltr'>thallum</span> <span class='ocrx_word' id='word_1_46' title='bbox 1038 1074 1071 1125; x_wconf 89' lang='lat' dir='ltr'>et</span> <span class='ocrx_word' id='word_1_47' title='bbox 1097 1059 1235 1126; x_wconf 86' lang='lat' dir='ltr'>soredia</span> <span class='ocrx_word' id='word_1_48' title='bbox 1326 1061 1330 1067; x_wconf 51' lang='lat'><strong>⁴</strong></span> 
     </span>
    </p>
   </div>
   <div class='ocr_carea' id='block_1_4' title="bbox 124 1156 1309 2343">
    <p class='ocr_par' dir='ltr' id='par_1_4' title="bbox 124 1156 1309 2343">
     <span class='ocr_line' id='line_1_8' title="bbox 135 1156 1309 1258; baseline 0 -24"><span class='ocrx_word' id='word_1_49' title='bbox 135 1168 325 1234; x_wconf 89' lang='lat' dir='ltr'>Lichenum</span> <span class='ocrx_word' id='word_1_50' title='bbox 343 1156 593 1258; x_wconf 82' lang='lat' dir='ltr'>regrediuntur.</span> <span class='ocrx_word' id='word_1_51' title='bbox 633 1168 786 1257; x_wconf 88' lang='lat' dir='ltr'>Longius</span> <span class='ocrx_word' id='word_1_52' title='bbox 805 1180 917 1231; x_wconf 89' lang='lat' dir='ltr'>autem</span> <span class='ocrx_word' id='word_1_53' title='bbox 936 1168 1109 1250; x_wconf 86' lang='lat' dir='ltr'>recedunt,</span> <span class='ocrx_word' id='word_1_54' title='bbox 1125 1183 1158 1234; x_wconf 93' lang='lat' dir='ltr'>et</span> <span class='ocrx_word' id='word_1_55' title='bbox 1175 1170 1234 1234; x_wconf 91' lang='lat' dir='ltr'>ubi</span> <span class='ocrx_word' id='word_1_56' title='bbox 1306 1233 1309 1240; x_wconf 87' lang='grc'><strong>,</strong></span> 
     </span>
     <span class='ocr_line' id='line_1_9' title="bbox 135 1274 1236 1368; baseline 0 -26"><span class='ocrx_word' id='word_1_57' title='bbox 135 1279 400 1367; x_wconf 86' lang='lat' dir='ltr'>propagulorum</span> <span class='ocrx_word' id='word_1_58' title='bbox 422 1280 602 1344; x_wconf 85' lang='lat' dir='ltr'>acervulos</span> <span class='ocrx_word' id='word_1_59' title='bbox 622 1274 756 1368; x_wconf 75' lang='lat' dir='ltr'>cyathis</span> <span class='ocrx_word' id='word_1_60' title='bbox 779 1299 805 1340; x_wconf 89' lang='lat' dir='ltr'>s.</span> <span class='ocrx_word' id='word_1_61' title='bbox 825 1274 1000 1366; x_wconf 84' lang='lat' dir='ltr'>scyphulis</span> <span class='ocrx_word' id='word_1_62' title='bbox 1018 1278 1236 1342; x_wconf 80' lang='lat' dir='ltr'>membrana·-</span> 
     </span>
     <span class='ocr_line' id='line_1_10' title="bbox 136 1382 1289 1474; baseline -0.001 -24"><span class='ocrx_word' id='word_1_63' title='bbox 136 1384 223 1467; x_wconf 91' lang='lat' dir='ltr'>ceis,</span> <span class='ocrx_word' id='word_1_64' title='bbox 250 1385 397 1451; x_wconf 91' lang='lat' dir='ltr'>dentatis</span> <span class='ocrx_word' id='word_1_65' title='bbox 420 1385 591 1467; x_wconf 87' lang='lat' dir='ltr'>inclusos,</span> <span class='ocrx_word' id='word_1_66' title='bbox 618 1384 655 1451; x_wconf 91' lang='lat' dir='ltr'>in</span> <span class='ocrx_word' id='word_1_67' title='bbox 684 1383 862 1474; x_wconf 87' lang='lat' dir='ltr'>superficie</span> <span class='ocrx_word' id='word_1_68' title='bbox 875 1382 1158 1448; x_wconf 88' lang='lat' dir='ltr'>Marchantiarum</span> <span class='ocrx_word' id='word_1_69' title='bbox 1175 1385 1236 1449; x_wconf 85' lang='lat' dir='ltr'>in·</span> <span class='ocrx_word' id='word_1_70' title='bbox 1282 1433 1289 1440; x_wconf 84' lang='lat'><em>-</em></span> 
     </span>
     <span class='ocr_line' id='line_1_11' title="bbox 135 1489 1235 1583; baseline -0.001 -23"><span class='ocrx_word' id='word_1_71' title='bbox 135 1494 307 1575; x_wconf 84' lang='lat' dir='ltr'>sidentes,</span> <span class='ocrx_word' id='word_1_72' title='bbox 334 1496 394 1560; x_wconf 83' lang='lat' dir='ltr'>vel</span> <span class='ocrx_word' id='word_1_73' title='bbox 421 1492 585 1560; x_wconf 89' lang='lat' dir='ltr'>utriculos</span> <span class='ocrx_word' id='word_1_74' title='bbox 618 1497 810 1561; x_wconf 88' lang='lat' dir='ltr'>urceolatos</span> <span class='ocrx_word' id='word_1_75' title='bbox 836 1491 933 1583; x_wconf 80' lang='lat' dir='ltr'>apice</span> <span class='ocrx_word' id='word_1_76' title='bbox 962 1489 1112 1573; x_wconf 84' lang='lat' dir='ltr'>hiantes,</span> <span class='ocrx_word' id='word_1_77' title='bbox 1149 1514 1235 1580; x_wconf 87' lang='lat' dir='ltr'>pro-</span> 
     </span>
     <span class='ocr_line' id='line_1_12' title="bbox 140 1598 1236 1693; baseline -0.002 -27"><span class='ocrx_word' id='word_1_78' title='bbox 140 1603 276 1690; x_wconf 87' lang='lat' dir='ltr'>pagulis</span> <span class='ocrx_word' id='word_1_79' title='bbox 303 1599 600 1690; x_wconf 84' lang='lat' dir='ltr'>globuliformibus</span> <span class='ocrx_word' id='word_1_80' title='bbox 621 1606 769 1693; x_wconf 83' lang='lat' dir='ltr'>repletos</span> <span class='ocrx_word' id='word_1_81' title='bbox 786 1603 835 1686; x_wconf 69' lang='lat' dir='ltr'>l⁵),</span> <span class='ocrx_word' id='word_1_82' title='bbox 860 1601 919 1691; x_wconf 90' lang='lat' dir='ltr'>qui</span> <span class='ocrx_word' id='word_1_83' title='bbox 941 1598 1058 1667; x_wconf 86' lang='lat' dir='ltr'>frondi</span> <span class='ocrx_word' id='word_1_84' title='bbox 1082 1603 1236 1688; x_wconf 77' lang='lat' dir='ltr'>Iunger-</span> 
     </span>
     <span class='ocr_line' id='line_1_13' title="bbox 140 1699 1235 1804; baseline -0.001 -30"><span class='ocrx_word' id='word_1_85' title='bbox 140 1713 302 1775; x_wconf 83' lang='lat' dir='ltr'>manniae</span> <span class='ocrx_word' id='word_1_86' title='bbox 322 1711 463 1776; x_wconf 81' lang='lat' dir='ltr'>Blasiae</span> <span class='ocrx_word' id='word_1_87' title='bbox 481 1714 591 1804; x_wconf 75' lang='lat' dir='ltr'>Hoolu</span> <span class='ocrx_word' id='word_1_88' title='bbox 609 1715 662 1800; x_wconf 55' lang='grc' dir='ltr'>Μ)</span> <span class='ocrx_word' id='word_1_89' title='bbox 682 1711 834 1776; x_wconf 81' lang='lat' dir='ltr'>immersi</span> <span class='ocrx_word' id='word_1_90' title='bbox 853 1699 915 1799; x_wconf 79' lang='lat' dir='ltr'>per</span> <span class='ocrx_word' id='word_1_91' title='bbox 941 1711 1068 1775; x_wconf 89' lang='lat' dir='ltr'>collum</span> <span class='ocrx_word' id='word_1_92' title='bbox 1084 1711 1235 1798; x_wconf 79' lang='lat' dir='ltr'>longum</span> 
     </span>
     <span class='ocr_line' id='line_1_14' title="bbox 124 1816 1235 1915; baseline -0.001 -31"><span class='ocrx_word' id='word_1_93' title='bbox 124 1840 258 1915; x_wconf 32' lang='lat' dir='ltr'>‘sporas</span> <span class='ocrx_word' id='word_1_94' title='bbox 283 1816 458 1901; x_wconf 84' lang='lat' dir='ltr'>emittunt,</span> <span class='ocrx_word' id='word_1_95' title='bbox 480 1819 698 1901; x_wconf 82' lang='lat' dir='ltr'>conferimus,</span> <span class='ocrx_word' id='word_1_96' title='bbox 720 1818 937 1909; x_wconf 90' lang='lat' dir='ltr'>conspicuam</span> <span class='ocrx_word' id='word_1_97' title='bbox 949 1819 1135 1908; x_wconf 87' lang='lat' dir='ltr'>reperimus</span> <span class='ocrx_word' id='word_1_98' title='bbox 1151 1842 1235 1886; x_wconf 90' lang='lat' dir='ltr'>ana-</span> 
     </span>
     <span class='ocr_line' id='line_1_15' title="bbox 140 1910 1234 2018; baseline 0.001 -26"><span class='ocrx_word' id='word_1_99' title='bbox 140 1926 270 2016; x_wconf 81' lang='lat' dir='ltr'>logiam</span> <span class='ocrx_word' id='word_1_100' title='bbox 293 1949 371 1991; x_wconf 91' lang='lat' dir='ltr'>cum</span> <span class='ocrx_word' id='word_1_101' title='bbox 387 1910 560 1993; x_wconf 82' lang='lat' dir='ltr'>nonnullis</span> <span class='ocrx_word' id='word_1_102' title='bbox 577 1928 605 1994; x_wconf 91' lang='lat' dir='ltr'>F</span> <span class='ocrx_word' id='word_1_103' title='bbox 606 1927 706 2016; x_wconf 86' lang='lat' dir='ltr'>ungis</span> <span class='ocrx_word' id='word_1_104' title='bbox 719 1928 1028 2018; x_wconf 83' lang='lat' dir='ltr'>Angiogasteribus</span> <span class='ocrx_word' id='word_1_105' title='bbox 1049 1930 1142 1993; x_wconf 78' lang='lat' dir='ltr'>Nera.</span> <span class='ocrx_word' id='word_1_106' title='bbox 1157 1952 1190 2010; x_wconf 84' lang='lat' dir='ltr'>v,</span> <span class='ocrx_word' id='word_1_107' title='bbox 1204 1952 1234 1995; x_wconf 92' lang='lat' dir='ltr'>c.</span> 
     </span>
     <span class='ocr_line' id='line_1_16' title="bbox 138 2027 1237 2127; baseline 0.001 -25"><span class='ocrx_word' id='word_1_108' title='bbox 138 2059 218 2102; x_wconf 93' lang='lat' dir='ltr'>cum</span> <span class='ocrx_word' id='word_1_109' title='bbox 240 2035 402 2100; x_wconf 84' lang='lat' dir='ltr'>Gruterio.</span> <span class='ocrx_word' id='word_1_110' title='bbox 445 2034 493 2100; x_wconf 90' lang='lat' dir='ltr'>Hi</span> <span class='ocrx_word' id='word_1_111' title='bbox 513 2027 781 2127; x_wconf 77' lang='lat' dir='ltr'>p’ropagulorum</span> <span class='ocrx_word' id='word_1_112' title='bbox 802 2037 954 2104; x_wconf 84' lang='lat' dir='ltr'>acervuli</span> <span class='ocrx_word' id='word_1_113' title='bbox 971 2051 1146 2126; x_wconf 87' lang='lat' dir='ltr'>praeterea</span> <span class='ocrx_word' id='word_1_114' title='bbox 1169 2063 1237 2103; x_wconf 83' lang='lat' dir='ltr'>ve-</span> 
     </span>
     <span class='ocr_line' id='line_1_17' title="bbox 141 2143 1251 2234; baseline 0.004 -26"><span class='ocrx_word' id='word_1_115' title='bbox 141 2167 200 2209; x_wconf 88' lang='lat' dir='ltr'>rae</span> <span class='ocrx_word' id='word_1_116' title='bbox 216 2165 424 2232; x_wconf 85' lang='lat' dir='ltr'>gemmarum</span> <span class='ocrx_word' id='word_1_117' title='bbox 441 2157 518 2208; x_wconf 89' lang='lat' dir='ltr'>sunt</span> <span class='ocrx_word' id='word_1_118' title='bbox 532 2144 659 2210; x_wconf 88' lang='lat' dir='ltr'>indolis</span> <span class='ocrx_word' id='word_1_119' title='bbox 678 2159 713 2209; x_wconf 90' lang='lat' dir='ltr'>et</span> <span class='ocrx_word' id='word_1_120' title='bbox 724 2144 855 2234; x_wconf 85' lang='lat' dir='ltr'>primae</span> <span class='ocrx_word' id='word_1_121' title='bbox 872 2167 1082 2234; x_wconf 83' lang='lat' dir='ltr'>gemmarum</span> <span class='ocrx_word' id='word_1_122' title='bbox 1099 2143 1251 2234; x_wconf 65' lang='lat' dir='ltr'>perfec-&#39;</span> 
     </span>
     <span class='ocr_line' id='line_1_18' title="bbox 142 2250 1138 2343; baseline 0.001 -26"><span class='ocrx_word' id='word_1_123' title='bbox 142 2251 268 2317; x_wconf 88' lang='lat' dir='ltr'>tiorum</span> <span class='ocrx_word' id='word_1_124' title='bbox 293 2252 480 2339; x_wconf 90' lang='lat' dir='ltr'>plantarum</span> <span class='ocrx_word' id='word_1_125' title='bbox 507 2250 809 2343; x_wconf 83' lang='lat' dir='ltr'>praefigurationes</span> <span class='ocrx_word' id='word_1_126' title='bbox 841 2250 962 2318; x_wconf 90' lang='lat' dir='ltr'>haberi</span> <span class='ocrx_word' id='word_1_127' title='bbox 986 2268 1138 2342; x_wconf 78' lang='lat' dir='ltr'>possunt.</span> 
     </span>
    </p>
   </div>
   <div class='ocr_carea' id='block_1_5' title="bbox 630 2449 746 2528">
    <p class='ocr_par' dir='ltr' id='par_1_5' title="bbox 630 2449 746 2528">
     <span class='ocr_line' id='line_1_19' title="bbox 630 2449 746 2528; baseline -0.026 -16"><span class='ocrx_word' id='word_1_128' title='bbox 630 2450 653 2528; x_wconf 73' lang='lat' dir='ltr'>t.</span> <span class='ocrx_word' id='word_1_129' title='bbox 696 2449 746 2512; x_wconf 80' lang='lat' dir='ltr'>m.</span> 
     </span>
    </p>
   </div>
   <div class='ocr_carea' id='block_1_6' title="bbox 224 2575 1236 2667">
    <p class='ocr_par' dir='ltr' id='par_1_6' title="bbox 224 2575 1236 2667">
     <span class='ocr_line' id='line_1_20' title="bbox 224 2575 1236 2667; baseline 0.003 -24"><span class='ocrx_word' id='word_1_130' title='bbox 224 2577 410 2667; x_wconf 86' lang='lat' dir='ltr'>Hepaticae</span> <span class='ocrx_word' id='word_1_131' title='bbox 433 2575 541 2666; x_wconf 89' lang='lat' dir='ltr'>prima</span> <span class='ocrx_word' id='word_1_132' title='bbox 566 2577 711 2666; x_wconf 86' lang='lat' dir='ltr'>vestigia</span> <span class='ocrx_word' id='word_1_133' title='bbox 736 2577 881 2645; x_wconf 85' lang='lat' dir='ltr'>offerunt</span> <span class='ocrx_word' id='word_1_134' title='bbox 905 2597 1063 2644; x_wconf 84' lang='lat' dir='ltr'>verarum</span> <span class='ocrx_word' id='word_1_135' title='bbox 1082 2579 1236 2646; x_wconf 90' lang='lat' dir='ltr'>radicum</span> 
     </span>
    </p>
   </div>
   <div class='ocr_carea' id='block_1_7' title="bbox 146 2683 1332 2775">
    <p class='ocr_par' dir='ltr' id='par_1_7' title="bbox 146 2683 1332 2775">
     <span class='ocr_line' id='line_1_21' title="bbox 146 2683 1332 2775; baseline 0.006 -25"><span class='ocrx_word' id='word_1_136' title='bbox 146 2709 233 2773; x_wconf 90' lang='lat' dir='ltr'>quae</span> <span class='ocrx_word' id='word_1_137' title='bbox 258 2683 429 2775; x_wconf 89' lang='lat' dir='ltr'>principio</span> <span class='ocrx_word' id='word_1_138' title='bbox 453 2687 491 2748; x_wconf 91' lang='lat' dir='ltr'>in</span> <span class='ocrx_word' id='word_1_139' title='bbox 512 2684 613 2750; x_wconf 90' lang='lat' dir='ltr'>Fucis</span> <span class='ocrx_word' id='word_1_140' title='bbox 633 2698 666 2748; x_wconf 89' lang='lat' dir='ltr'>et</span> <span class='ocrx_word' id='word_1_141' title='bbox 687 2683 895 2753; x_wconf 80' lang='lat' dir='ltr'>Lichenibus</span> <span class='ocrx_word' id='word_1_142' title='bbox 917 2700 955 2750; x_wconf 93' lang='lat' dir='ltr'>ut</span> <span class='ocrx_word' id='word_1_143' title='bbox 977 2689 1136 2754; x_wconf 85' lang='lat' dir='ltr'>scutellae</span> <span class='ocrx_word' id='word_1_144' title='bbox 1153 2714 1237 2756; x_wconf 81' lang='lat' dir='ltr'>ver-</span> <span class='ocrx_word' id='word_1_145' title='bbox 1321 2743 1332 2766; x_wconf 76' lang='lat'>,</span> 
     </span>
    </p>
   </div>
   <div class='ocr_carea' id='block_1_8' title="bbox 140 2791 1236 3210">
    <p class='ocr_par' dir='ltr' id='par_1_8' title="bbox 140 2791 1236 3210">
     <span class='ocr_line' id='line_1_22' title="bbox 144 2791 1236 2882; baseline 0.004 -24"><span class='ocrx_word' id='word_1_146' title='bbox 144 2817 247 2859; x_wconf 91' lang='lat' dir='ltr'>rucae</span> <span class='ocrx_word' id='word_1_147' title='bbox 279 2794 497 2874; x_wconf 84' lang='lat' dir='ltr'>incrassatae,</span> <span class='ocrx_word' id='word_1_148' title='bbox 533 2796 590 2860; x_wconf 90' lang='lat' dir='ltr'>vel</span> <span class='ocrx_word' id='word_1_149' title='bbox 613 2791 758 2858; x_wconf 89' lang='lat' dir='ltr'>fibrillae</span> <span class='ocrx_word' id='word_1_150' title='bbox 781 2795 1001 2882; x_wconf 87' lang='lat' dir='ltr'>prolongatae</span> <span class='ocrx_word' id='word_1_151' title='bbox 1032 2796 1236 2862; x_wconf 88' lang='lat' dir='ltr'>substantiae</span> 
     </span>
     <span class='ocr_line' id='line_1_23' title="bbox 140 2899 1236 2992; baseline 0.004 -27"><span class='ocrx_word' id='word_1_152' title='bbox 140 2899 274 2967; x_wconf 76' lang='lat' dir='ltr'>frondis</span> <span class='ocrx_word' id='word_1_153' title='bbox 293 2901 368 2969; x_wconf 85' lang='lat' dir='ltr'>sive</span> <span class='ocrx_word' id='word_1_154' title='bbox 388 2903 484 2967; x_wconf 88' lang='lat' dir='ltr'>thalli</span> <span class='ocrx_word' id='word_1_155' title='bbox 515 2916 685 2992; x_wconf 86' lang='lat' dir='ltr'>apparent.</span> <span class='ocrx_word' id='word_1_156' title='bbox 728 2901 824 2985; x_wconf 85' lang='lat' dir='ltr'>Quae</span> <span class='ocrx_word' id='word_1_157' title='bbox 842 2899 980 2989; x_wconf 89' lang='lat' dir='ltr'>quidem</span> <span class='ocrx_word' id='word_1_158' title='bbox 996 2901 1236 2991; x_wconf 88' lang='lat' dir='ltr'>Hepaticarum</span> 
     </span>
     <span class='ocr_line' id='line_1_24' title="bbox 140 3008 1236 3092; baseline 0.005 -19"><span class='ocrx_word' id='word_1_159' title='bbox 140 3008 275 3076; x_wconf 83' lang='lat' dir='ltr'>radices</span> <span class='ocrx_word' id='word_1_160' title='bbox 297 3011 544 3078; x_wconf 75' lang='lat' dir='ltr'>Conseruarum</span> <span class='ocrx_word' id='word_1_161' title='bbox 560 3010 625 3075; x_wconf 86' lang='lat' dir='ltr'>fitis</span> <span class='ocrx_word' id='word_1_162' title='bbox 645 3009 755 3076; x_wconf 89' lang='lat' dir='ltr'>adhuc</span> <span class='ocrx_word' id='word_1_163' title='bbox 775 3010 965 3076; x_wconf 86' lang='lat' dir='ltr'>subsimiles</span> <span class='ocrx_word' id='word_1_164' title='bbox 980 3024 1073 3092; x_wconf 88' lang='lat' dir='ltr'>sunt,</span> <span class='ocrx_word' id='word_1_165' title='bbox 1094 3012 1156 3077; x_wconf 86' lang='lat' dir='ltr'>sed</span> <span class='ocrx_word' id='word_1_166' title='bbox 1176 3036 1236 3078; x_wconf 84' lang='lat' dir='ltr'>ra·-</span> 
     </span>
     <span class='ocr_line' id='line_1_25' title="bbox 144 3115 1139 3210; baseline 0.001 -27"><span class='ocrx_word' id='word_1_167' title='bbox 144 3117 274 3183; x_wconf 90' lang='lat' dir='ltr'>diculas</span> <span class='ocrx_word' id='word_1_168' title='bbox 292 3133 411 3185; x_wconf 88' lang='lat' dir='ltr'>tenues</span> <span class='ocrx_word' id='word_1_169' title='bbox 430 3122 620 3209; x_wconf 88' lang='lat' dir='ltr'>plantarum</span> <span class='ocrx_word' id='word_1_170' title='bbox 640 3115 884 3208; x_wconf 77' lang='lat' dir='ltr'>perfectiorum</span> <span class='ocrx_word' id='word_1_171' title='bbox 903 3119 1139 3210; x_wconf 85' lang='lat' dir='ltr'>praefigurant.</span> 
     </span>
    </p>
   </div>
   <div class='ocr_carea' id='block_1_9' title="bbox 151 3286 349 3308">
    <p class='ocr_par' dir='ltr' id='par_1_9' title="bbox 151 3286 349 3308">
     <span class='ocr_line' id='line_1_26' title="bbox 151 3286 349 3308; baseline 0.01 -2"><span class='ocrx_word' id='word_1_172' title='bbox 151 3286 349 3308; x_wconf 49' lang='lat'>*-</span> 
     </span>
    </p>
   </div>
   <div class='ocr_carea' id='block_1_10' title="bbox 143 3388 1337 3574">
    <p class='ocr_par' dir='ltr' id='par_1_10' title="bbox 143 3388 1337 3574">
     <span class='ocr_line' id='line_1_27' title="bbox 214 3388 1337 3498; baseline 0.003 -37"><span class='ocrx_word' id='word_1_173' title='bbox 214 3409 243 3471; x_wconf 73' lang='lat'>⁸)</span> <span class='ocrx_word' id='word_1_174' title='bbox 263 3411 351 3462; x_wconf 70' lang='lat' dir='ltr'>sn...</span> <span class='ocrx_word' id='word_1_175' title='bbox 369 3409 387 3460; x_wconf 86' lang='lat'>1.</span> <span class='ocrx_word' id='word_1_176' title='bbox 406 3427 431 3460; x_wconf 69' lang='lat' dir='ltr'>a.</span> <span class='ocrx_word' id='word_1_177' title='bbox 449 3405 527 3463; x_wconf 66' lang='lat' dir='ltr'>aare.</span> <span class='ocrx_word' id='word_1_178' title='bbox 546 3388 646 3461; x_wconf 74' lang='lat' dir='ltr'>tter.</span> <span class='ocrx_word' id='word_1_179' title='bbox 669 3406 697 3475; x_wconf 79' lang='grc' dir='ltr'>ι,</span> <span class='ocrx_word' id='word_1_180' title='bbox 715 3406 750 3461; x_wconf 74' lang='lat' dir='ltr'>te.</span> <span class='ocrx_word' id='word_1_181' title='bbox 772 3407 880 3462; x_wconf 68' lang='lat' dir='ltr'>elisue</span> <span class='ocrx_word' id='word_1_182' title='bbox 894 3407 1054 3481; x_wconf 73' lang='lat' dir='ltr'>pastun-1.</span> <span class='ocrx_word' id='word_1_183' title='bbox 1079 3393 1115 3451; x_wconf 84' lang='grc'>-’</span> <span class='ocrx_word' id='word_1_184' title='bbox 1143 3413 1236 3465; x_wconf 64' lang='lat' dir='ltr'>aa..</span> <span class='ocrx_word' id='word_1_185' title='bbox 1333 3491 1337 3498; x_wconf 18' lang='grc' dir='ltr'><strong><em>ι</em></strong></span> 
     </span>
     <span class='ocr_line' id='line_1_28' title="bbox 143 3501 636 3574; baseline -0.002 -17"><span class='ocrx_word' id='word_1_186' title='bbox 143 3512 170 3557; x_wconf 76' lang='lat' dir='ltr'>et</span> <span class='ocrx_word' id='word_1_187' title='bbox 188 3506 272 3557; x_wconf 80' lang='lat' dir='ltr'>Molr</span> <span class='ocrx_word' id='word_1_188' title='bbox 289 3504 307 3557; x_wconf 92' lang='lat' dir='ltr'>l.</span> <span class='ocrx_word' id='word_1_189' title='bbox 326 3522 351 3558; x_wconf 91' lang='lat' dir='ltr'>c.</span> <span class='ocrx_word' id='word_1_190' title='bbox 369 3502 437 3556; x_wconf 78' lang='lat' dir='ltr'>Tah.</span> <span class='ocrx_word' id='word_1_191' title='bbox 455 3501 514 3556; x_wconf 88' lang='grc' dir='ltr'>ΧΠ.</span> <span class='ocrx_word' id='word_1_192' title='bbox 532 3501 591 3574; x_wconf 68' lang='lat' dir='ltr'>rig.</span> <span class='ocrx_word' id='word_1_193' title='bbox 611 3504 636 3556; x_wconf 84' lang='lat'>9.</span> 
     </span>
    </p>
   </div>
   <div class='ocr_carea' id='block_1_11' title="bbox 140 3615 1236 4169">
    <p class='ocr_par' dir='ltr' id='par_1_11' title="bbox 140 3615 1236 4169">
     <span class='ocr_line' id='line_1_29' title="bbox 214 3615 1236 3689; baseline 0.004 -21"><span class='ocrx_word' id='word_1_194' title='bbox 214 3617 258 3680; x_wconf 76' lang='lat'>⁴⁴¹)</span> <span class='ocrx_word' id='word_1_195' title='bbox 276 3617 423 3668; x_wconf 79' lang='lat' dir='ltr'>Hooleriua</span> <span class='ocrx_word' id='word_1_196' title='bbox 441 3615 582 3687; x_wconf 86' lang='lat' dir='ltr'>capsulam</span> <span class='ocrx_word' id='word_1_197' title='bbox 600 3616 806 3683; x_wconf 78' lang='lat' dir='ltr'>quadrivalvem</span> <span class='ocrx_word' id='word_1_198' title='bbox 823 3616 1025 3689; x_wconf 83' lang='lat' dir='ltr'>pedicallatam,</span> <span class='ocrx_word' id='word_1_199' title='bbox 1048 3617 1236 3688; x_wconf 57' lang='lat' dir='ltr'>Jungermau⁴</span> 
     </span>
     <span class='ocr_line' id='line_1_30' title="bbox 141 3711 1235 3786; baseline 0.001 -20"><span class='ocrx_word' id='word_1_200' title='bbox 141 3711 197 3766; x_wconf 83' lang='lat' dir='ltr'>niis</span> <span class='ocrx_word' id='word_1_201' title='bbox 214 3711 387 3780; x_wconf 83' lang='lat' dir='ltr'>simillimam,</span> <span class='ocrx_word' id='word_1_202' title='bbox 406 3711 521 3762; x_wconf 74' lang='lat' dir='ltr'>Blariae</span> <span class='ocrx_word' id='word_1_203' title='bbox 534 3711 653 3779; x_wconf 79' lang='lat' dir='ltr'>pusillae</span> <span class='ocrx_word' id='word_1_204' title='bbox 663 3717 723 3766; x_wconf 81' lang='lat' dir='ltr'>Lin.</span> <span class='ocrx_word' id='word_1_205' title='bbox 738 3713 852 3768; x_wconf 86' lang='lat' dir='ltr'>antehac</span> <span class='ocrx_word' id='word_1_206' title='bbox 870 3711 1092 3784; x_wconf 86' lang='lat' dir='ltr'>llomallophyllis</span> <span class='ocrx_word' id='word_1_207' title='bbox 1108 3712 1235 3786; x_wconf 83' lang='lat' dir='ltr'>adscrip-</span> 
     </span>
     <span class='ocr_line' id='line_1_31' title="bbox 140 3805 1235 3880; baseline 0 -17"><span class='ocrx_word' id='word_1_208' title='bbox 140 3818 188 3864; x_wconf 75' lang='lat' dir='ltr'>tae</span> <span class='ocrx_word' id='word_1_209' title='bbox 211 3811 265 3876; x_wconf 82' lang='lat' dir='ltr'>iam</span> <span class='ocrx_word' id='word_1_210' title='bbox 283 3808 361 3880; x_wconf 86' lang='lat' dir='ltr'>prius</span> <span class='ocrx_word' id='word_1_211' title='bbox 384 3805 452 3860; x_wconf 77' lang='lat' dir='ltr'>vidit</span> <span class='ocrx_word' id='word_1_212' title='bbox 479 3815 507 3858; x_wconf 90' lang='lat' dir='ltr'>et</span> <span class='ocrx_word' id='word_1_213' title='bbox 529 3805 689 3878; x_wconf 87' lang='lat' dir='ltr'>descripsit,</span> <span class='ocrx_word' id='word_1_214' title='bbox 722 3819 748 3861; x_wconf 90' lang='lat' dir='ltr'>et</span> <span class='ocrx_word' id='word_1_215' title='bbox 772 3807 931 3879; x_wconf 85' lang='lat' dir='ltr'>nuperrime</span> <span class='ocrx_word' id='word_1_216' title='bbox 951 3808 1046 3862; x_wconf 84' lang='lat' dir='ltr'>eadem</span> <span class='ocrx_word' id='word_1_217' title='bbox 1071 3808 1173 3861; x_wconf 86' lang='lat' dir='ltr'>iterum</span> <span class='ocrx_word' id='word_1_218' title='bbox 1193 3819 1235 3863; x_wconf 89' lang='lat' dir='ltr'>est</span> 
     </span>
     <span class='ocr_line' id='line_1_32' title="bbox 142 3901 1236 3975; baseline 0.003 -19"><span class='ocrx_word' id='word_1_219' title='bbox 142 3903 352 3972; x_wconf 82' lang='lat' dir='ltr'>animadversa,</span> <span class='ocrx_word' id='word_1_220' title='bbox 384 3917 470 3973; x_wconf 83' lang='lat' dir='ltr'>quare</span> <span class='ocrx_word' id='word_1_221' title='bbox 495 3901 562 3969; x_wconf 76' lang='lat' dir='ltr'>haec</span> <span class='ocrx_word' id='word_1_222' title='bbox 588 3903 682 3970; x_wconf 87' lang='lat' dir='ltr'>planta</span> <span class='ocrx_word' id='word_1_223' title='bbox 706 3920 762 3957; x_wconf 87' lang='lat' dir='ltr'>non</span> <span class='ocrx_word' id='word_1_224' title='bbox 785 3903 902 3975; x_wconf 83' lang='lat' dir='ltr'>amplius</span> <span class='ocrx_word' id='word_1_225' title='bbox 935 3903 1161 3974; x_wconf 86' lang='lat' dir='ltr'>Homallophyllis</span> <span class='ocrx_word' id='word_1_226' title='bbox 1187 3905 1236 3959; x_wconf 82' lang='lat' dir='ltr'>sed</span> 
     </span>
     <span class='ocr_line' id='line_1_33' title="bbox 142 3996 1235 4072; baseline 0.001 -18"><span class='ocrx_word' id='word_1_227' title='bbox 142 3999 280 4072; x_wconf 84' lang='lat' dir='ltr'>Hepaticis</span> <span class='ocrx_word' id='word_1_228' title='bbox 300 3997 513 4054; x_wconf 88' lang='lat' dir='ltr'>adnumeranda.</span> <span class='ocrx_word' id='word_1_229' title='bbox 557 3996 691 4059; x_wconf 83' lang='lat' dir='ltr'>(Confer.</span> <span class='ocrx_word' id='word_1_230' title='bbox 723 3998 803 4050; x_wconf 84' lang='lat' dir='ltr'>Flora</span> <span class='ocrx_word' id='word_1_231' title='bbox 834 3998 904 4052; x_wconf 83' lang='lat' dir='ltr'>oder</span> <span class='ocrx_word' id='word_1_232' title='bbox 924 4003 964 4052; x_wconf 87' lang='lat' dir='ltr'>Re</span> <span class='ocrx_word' id='word_1_233' title='bbox 951 4003 1125 4072; x_wconf 78' lang='lat' dir='ltr'>egenaburgcr</span> <span class='ocrx_word' id='word_1_234' title='bbox 1147 4003 1235 4055; x_wconf 62' lang='lat' dir='ltr'>toran</span> 
     </span>
     <span class='ocr_line' id='line_1_34' title="bbox 143 4090 729 4169; baseline -0.015 -19"><span class='ocrx_word' id='word_1_235' title='bbox 143 4101 271 4169; x_wconf 64' lang='lat' dir='ltr'>Zaitung.</span> <span class='ocrx_word' id='word_1_236' title='bbox 292 4100 318 4148; x_wconf 87' lang='lat'>7.</span> <span class='ocrx_word' id='word_1_237' title='bbox 335 4093 430 4164; x_wconf 69' lang='lat' dir='ltr'>Jahrg</span> <span class='ocrx_word' id='word_1_238' title='bbox 451 4093 529 4149; x_wconf 78' lang='lat'><strong>1824.</strong></span> <span class='ocrx_word' id='word_1_239' title='bbox 545 4091 596 4146; x_wconf 85' lang='lat' dir='ltr'>No.</span> <span class='ocrx_word' id='word_1_240' title='bbox 613 4090 658 4148; x_wconf 81' lang='grc'>49.</span> <span class='ocrx_word' id='word_1_241' title='bbox 673 4098 729 4162; x_wconf 76' lang='lat' dir='ltr'>aq.)</span> 
     </span>
    </p>
   </div>
   <div class='ocr_carea' id='block_1_12' title="bbox 0 0 1381 4718">
    <p class='ocr_par' dir='ltr' id='par_1_12' title="bbox 0 0 1381 4718">
     <span class='ocr_line' id='line_1_35' title="bbox 0 0 1381 4718; baseline 0 0"><span class='ocrx_word' id='word_1_242' title='bbox 0 0 1381 4718; x_wconf 95' lang='lat' dir='ltr'> </span> 
     </span>
    </p>
   </div>
  </div>
 </body>
</html>
