2744 4718
659 360 751 482 ἐξ.

162 564 255 657 logia
271 565 363 633 interl
379 564 509 651 plantas
533 567 758 663 monoclynas
783 581 815 630 et
838 564 993 654 diclynas
1015 567 1260 655 perfectiorum

163 675 327 741 seriarum
348 675 461 738 oblata
484 687 553 752 est,
592 678 685 750 cujus
711 676 776 750 jam
797 677 908 753 lenem
931 671 1203 762 indigitationem
1223 679 1259 742 in

162 787 361 851 blascorum
384 781 524 848 floribus
551 779 739 869 conspicati
768 804 890 845 sumus.
945 779 1040 865 Quae
1068 785 1259 876 pericarpia

164 919 235 961 non
252 896 362 959 solum
379 894 415 957 in
429 891 566 957 Muscos
585 890 783 970 ostendunt,
807 892 1000 971 sedetiam,
1025 891 1104 958 licet
1117 897 1223 983 magis
1241 920 1259 958 e

167 1004 364 1091 longinquo,
385 1004 419 1065 in
433 999 612 1090 apothecia
634 1001 746 1064 clausa
759 997 968 1079 Lichenum,
988 1015 1022 1066 et
1037 1001 1146 1090 ipsam
1164 1002 1261 1069 fruc-

168 1109 390 1177 tificationem
415 1110 602 1188 Fucoru1n‚
642 1107 700 1196 qui
727 1132 798 1175 non
831 1109 940 1173 minus
969 1132 1085 1199 sporas
1117 1112 1260 1200 duplicis

169 1222 292 1288 indolis
326 1217 506 1286 continent.
558 1216 750 1306 Conspicua
773 1241 850 1282 cum
880 1221 1095 1307 receptaculo
1124 1242 1260 1306 quoqne

167 1330 493 1420 Rhizospermarum
513 1326 667 1415 analogia
685 1325 855 1415 reperitur
871 1327 959 1392 inter
976 1330 1106 1416 plantas
1121 1327 1262 1416 perfec-

166 1441 271 1506 tiores
289 1439 325 1504 in
347 1440 430 1502 Fica
453 1436 583 1499 Carica.

657 1601 680 1678 t.
724 1598 772 1661 53.

180 1801 183 1805 ,
257 1728 548 1799 Germinationem
579 1730 696 1806 harum
725 1733 932 1820 plantarum,
972 1756 1056 1820 quae
1092 1734 1201 1800 adhuc
1227 1736 1262 1801 in

171 1847 242 1910 sola
266 1844 423 1906 Salvinia
437 1853 579 1902 natante
598 1838 775 1903 observata
796 1854 845 1905 est
862 1864 881 1904 a
899 1839 985 1906 Clar.
1011 1845 1049 1905 V
1046 1845 1205 1908 azecberz'o
1217 1847 1261 1932 lt),

169 1949 444 2040 comparantibus
460 1948 583 2013 iterum
600 1947 829 2014 memorabilis
846 1971 923 2012 cum
937 1951 1061 2037 plantis
1075 1950 1264 2040 perfectio-

168 2064 261 2128 ribus
293 2056 449 2146 analogia
472 2053 621 2121 offertur.
673 2053 778 2120 Simul
815 2071 915 2144 atque
942 2057 1032 2124 enim
1073 2083 1195 2149 sporae
1228 2061 1263 2125 in

171 2167 364 2261 pericarpio
400 2166 543 2255 globoso
576 2153 725 2229 inclu'sae
755 2168 942 2252 germinare
973 2165 1189 2257 inceperunt,
1229 2171 1264 2234 in

174 2278 269 2370 apice
289 2292 357 2343 tres
372 2273 525 2341 orimrtur
543 2270 614 2337 lobi
636 2271 866 2351 dentiformes‚
889 2274 962 2360 qui,
987 2275 1112 2341 sensim
1129 2277 1262 2343 incras-

172 2387 253 2466 sati,
268 2374 315 2452 'in
340 2399 519 2471 utromque
541 2385 627 2446 latus
649 2381 818 2448 radiculas
839 2381 1014 2462 emittunt,
1052 2399 1083 2448 et
1103 2408 1204 2474 supra
1229 2384 1264 2450 in

170 2498 300 2588 petiolo
320 2492 439 2560 folium
455 2491 700 2578 cotyledonare
715 2491 958 2580 emarginatum
974 2494 1140 2573 ascendit,
1164 2520 1182 2559 e
1202 2518 1264 2560 cu-

173 2613 225 2689 jus
244 2598 507 2691 emarginatione
527 2599 672 2688 primum
688 2599 756 2664 duo
772 2623 893 2687 parva,
912 2599 1041 2666 'deinde
1066 2626 1150 2669 vero
1174 2602 1263 2668 inter

174 2716 259 2781 haec
281 2712 351 2802 ipsa
377 2725 490 2776 cetera
507 2708 639 2774 frondis
660 2707 781 2772 foliola
805 2723 991 2790 ecrescunt.
1035 2711 1112 2792 Quo
1134 2714 1263 2800 germi-

171 2822 318 2889 nationis
339 2843 503 2909 processu
523 2816 628 2905 igitur
646 2817 912 2906 Rhizospermae
932 2841 1015 2882 vere
1037 2818 1144 2905 magis
1162 2844 1263 2907 quam

139 2930 296 3011 ,Filices
316 2931 359 2994 ad
378 2923 727 3016 ll'lonocotyledoneas
752 2925 916 2990 accedere
938 2940 970 2990 et
991 2927 1054 2990 hac
1076 2951 1114 2990 re
1142 2928 1182 2992 ab
1204 2929 1263 2993 in-

168 3038 355 3137 ferioribus
372 3037 495 3102 leniter
512 3036 554 3099 ad
580 3033 800 3125 perfectiores
821 3024 916 3124 regni
944 3035 1142 3124 vegetabilis
1158 3039 1261 3103 series

173 3148 317 3233 transire
338 3147 507 3214 videntur.

629 3286 789 3301 w

325 3407 560 3488 ORDOX.
613 3405 1105 3497 EOUISETACEAE.

599 3656 603 3677 ‚
660 3590 682 3667 t.
726 3586 774 3650 54.

254 3729 393 3794 Plantae
420 3727 519 3803 haias
542 3719 689 3800 ordinis,
727 3716 997 3798 varia'ratione'‚
1031 3717 1153 3783 arctius
1183 3740 1257 3781 curra

168 3836 293 3904 formis
307 3830 567 3925 perfectioribus
590 3831 791 3908 cohaerent,
813 3848 912 3912 quam
933 3848 1066 3907 omnes,
1099 3850 1180 3912 quas
1201 3849 1260 3889 ns-

243 4085 272 4146 “)
291 4085 405 4137 Annales
423 4082 459 4136 du
476 4079 601 4134 muse'urn
613 4077 756 4131 d'histoire
773 4075 914 4130 naturalle.
958 4074 1032 4128 Paris
1048 4075 1106 4127 Vol.
1124 4073 1257 4144 xt‘111.p.

169 4179 233 4232 406.
251 4181 320 4234 Tab.
336 4183 386 4247 21,
406 4197 432 4232 n.
449 4187 471 4231 1.
1036 4240 1061 4314 4
