2744 4718
706 307 811 429 ,26-

206 509 335 576 haeret.
377 509 419 576 In
444 507 504 576 illa
529 509 621 577 euim
645 513 844 579 manitestos
865 513 1063 602 conspicere
1085 512 1166 582 licet
1186 517 1306 584 radios

207 615 245 682 in
274 616 431 685 diversas
461 620 622 708 regiones
650 621 883 709 divergentes‚
923 627 1054 711 qua‘re
1083 629 1200 716 cyclus
1231 631 1304 707 ejus

207 727 321 815 plures
338 727 422 794 alios
451 728 567 818 tangit.
613 729 805 809 Lichenes‚
835 746 872 796 ut
893 736 961 812 jam
982 756 1083 822 supra
1104 733 1304 824 indigitavi,

207 855 309 898 verae
339 837 433 924 algae
465 842 584 904 aereae
618 855 717 921 sunt;
746 861 817 904 non
852 863 930 906 raro
965 840 1056 907 enim
1088 858 1122 909 et
1161 859 1304 909 externa

208 956 242 1006 et
263 939 398 1009 interna
427 936 592 1012 structura
618 963 687 1013 tam
711 947 890 1036 insigniter
906 949 981 1015 illas
1000 967 1157 1040 aequant,
1178 967 1214 1018 ut
1231 968 1303 1018 tum

206 1049 346 1116 nonnisi
366 1055 444 1119 loco
462 1054 580 1136 natali,
602 1056 818 1145 vegetatione
836 1055 873 1121 in
892 1061 971 1125 aiire
1002 1074 1035 1125 et
1063 1059 1203 1128 duriore
1220 1063 1304 1127 sub-

194 1159 327 1227 stantia
346 1163 389 1227 ab
409 1160 477 1227 illis
499 1161 637 1228 differre
661 1162 852 1231 videantur.

287 1268 347 1335 Ad
371 1271 483 1336 nisum
505 1271 747 1361 productivum
766 1276 946 1366 pertinent,
968 1275 1156 1367 itidemque
1176 1281 1301 1346 Proto-

205 1378 424 1469 phytasun13
447 1379 602 1468 quamvis
619 1383 710 1448 enim
722 1386 837 1474 plures
864 1385 953 1450 inter
974 1408 1043 1468 eos,
1064 1385 1165 1453 sicuti
1180 1387 1208 1453 F
1209 1389 1303 1477 uugi,

207 1500 241 1553 et
272 1485 348 1552 aliis
372 1486 410 1552 in
440 1489 641 1578 organismis
663 1491 883 1581 proveniant,
904 1507 1018 1560 tamen
1041 1495 1123 1562 solis
1151 1493 1187 1560 in
1210 1497 1303 1563 vali-

205 1595 259 1661 dis
287 1594 550 1687 rigentibusque
568 1612 703 1665 ‘eor'run
726 1599 880 1690 partibus
894 1602 1161 1692 progignuntur,
1184 1620 1217 1671 et
1230 1621 1303 1672 tum

204 1703 424 1792 parasitantes
456 1722 534 1771 sunt
567 1711 719 1795 plantae,
756 1712 919 1797 analogae
954 1710 1078 1799 plantis
1111 1713 1303 1800 parasiticis

204 1809 369 1876 serierum
389 1811 642 1898 perfectiorum.
684 1815 763 1880 Non
781 1817 904 1893 ullum,
926 1830 963 1879 ut
979 1821 1046 1894 jam
1059 1840 1160 1904 supra
1172 1822 1301 1901 monui,

203 1918 374 1985 lichenem
395 1917 432 1985 in
462 1919 701 2008 languentibus
723 1919 1080 2008 velputrescentibus
1099 1924 1301 2010 organismis

203 2041 396 2094 nascentem
425 2025 637 2116 conspicies;
666 2026 721 2092 sin
747 2041 859 2092 autem
889 2024 927 2090 in
955 2026 1155 2116 organismis
1184 2055 1301 2098 emor-

204 2135 272 2203 tuis
286 2133 499 2227 proveniant,
520 2134 559 2200 hi
575 2133 716 2200 exsucci
730 2149 808 2200 sunt
823 2147 857 2199 et
869 2133 1040 2199 exsiccati.
1078 2135 1178 2203 Multi
1188 2153 1302 2209 terrae

203 2244 310 2337 ipsius
333 2241 514 2336 progeniti,
540 2243 601 2308 sed
627 2242 695 2307 huc
716 2263 853 2330 quoque
868 2264 939 2308 non
955 2244 1070 2324 humo,
1092 2267 1159 2333 qua
1176 2245 1299 2335 Fungi,

203 2371 242 2433 ut
267 2368 450 2423 nascantur
468 2351 637 2442 indigent,
655 2352 717 2416 sed
737 2349 776 2415 in
804 2348 993 2417 aridissima
1013 2375 1116 2418 arena
1145 2376 1300 2421 crescere

131 2526 133 2529 ,
205 2477 239 2528 et
263 2461 459 2528 nudissimis
487 2462 579 2528 saxis
608 2475 643 2526 et
663 2457 806 2549 rupibus
832 2458 982 2526 insidere
1002 2475 1158 2550 possunt,
1192 2461 1238 2528 ita
1261 2477 1297 2528 ut

202 2570 325 2639 merito
349 2595 451 2638 verae
482 2574 618 2661 plantae
651 2573 772 2636 aereae
796 2567 1022 2634 nominentur.
1071 2569 1127 2634 llli
1151 2593 1298 2658 quoque,

204 2701 291 2768 qnos
318 2702 420 2768 supra
446 2678 645 2769 parasiticos
668 2677 856 2759 nominavi,
878 2676 1016 2743 minime
1032 2692 1145 2745 tamen
1164 2683 1299 2769 plantae

206 2785 374 2868 ejusmodi
407 2770 636 2876 parasitantes,
667 2791 783 2877 quales
816 2784 1076 2877 perfectioribus
1106 2790 1157 2854 in·
1176 2789 1300 2878 plantis

203 2895 439 2979 inveniuntur3
476 2919 546 2964 non
584 2911 743 2985 tanquam
773 2896 853 2962 illae
885 2893 1056 2962 radicibus
1093 2896 1301 2962 substantiae

203 3003 445 3092 vegetabilium
468 3030 504 3071 se
531 2998 690 3093 infignnl,
712 3019 749 3069 ut
774 3025 895 3069 succos
922 3003 1082 3071 nutritios
1102 3003 1206 3070 exiis
1224 3019 1300 3070 tra-

203 3114 302 3190 hant,
324 3114 386 3179 sed
416 3116 650 3181 tantummodo
680 3114 722 3180 iis
741 3110 883 3204 perinde
905 3136 944 3178 ac
967 3128 1056 3180 terra
1078 3113 1237 3201 saxisque
1261 3128 1300 3178 ut

205 3224 391 3290 adhaerere
420 3223 550 3314 possint
577 3237 725 3288 utuntur.
780 3220 858 3305 Qua
886 3218 929 3287 de
960 3246 1060 3287 causa
1092 3220 1300 3287 creberrime

205 3319 344 3397 eaedem
375 3331 563 3398 Lichenum
599 3329 728 3419 species
765 3344 798 3394 et
828 3331 864 3394 in
898 3331 1020 3420 plantis
1051 3330 1156 3411 vivis,
1198 3345 1231 3395 et
1262 3332 1300 3396 in

204 3439 305 3530 ligno·
324 3440 512 3521 exsiccato,
533 3437 605 3505 imo
633 3437 735 3533 etiam
759 3438 795 3503 in
817 3437 909 3504 saxis
931 3439 1054 3507 obviae
1075 3454 1153 3505 sunt
1170 3453 1204 3504 et
1217 3439 1299 3504 ubi-

206 3574 273 3641 que
296 3548 417 3617 eodem
437 3548 557 3638 vigore
574 3548 777 3627 increscunt,
799 3547 827 3612 si
841 3548 884 3612 ad
900 3547 1145 3615 incrementum
1162 3562 1300 3615 cetero-

206 3660 289 3750 quin
317 3658 433 3748 aequis
452 3654 612 3722 fruuntur
637 3652 901 3721 conditionibus.

692 3850 714 3928 a.
759 3846 810 3911 aa.

211 4042 214 4047 .
238 4039 242 4051 .
288 3978 478 4046 Lichenum
500 3980 636 4045 infimae
662 3977 883 4045 formationes
908 3977 1112 4047 inferiorem
1130 3983 1186 4047 vel
1204 4004 1317 4069 aeque

207 4085 354 4152 inferum
383 4089 496 4154 locum
526 4101 642 4153 tenent
679 4099 717 4151 ut
750 4085 877 4175 Fungi‚
916 4112 993 4154 cum
1029 4088 1302 4177 imperfectiores
