2744 4718
576 301 675 424 .ᾗό-

78 514 241 608 prohibet
268 535 347 590 nos,
377 534 445 598 quo
481 510 592 578 minus
620 517 691 589 eius
720 510 917 576 coronulam
939 505 1177 571 denticulatam

79 624 400 717 praefigurationem
421 623 605 685 habeamus
626 619 794 707 stylorum
810 640 870 681 seu
883 616 1076 705 stigmatum
1096 637 1178 704 per*

80 732 288 814 sistentium,
310 753 455 819 quorum
475 725 605 793 indicia
635 727 718 815 quin
747 725 849 791 etiam
868 726 905 791 in
925 722 1178 813 Hepaticarum,

81 845 294 921 Muscorum,
326 837 649 928 Rhizcspermarum
672 849 705 900 et
726 832 1025 923 Equisetacearum
1052 831 1178 898 ovariis

82 951 281 1041 reperimus,
305 973 382 1014 cum
401 961 519 1013 contra
543 945 631 1010 nihil
653 941 820 1023 ejusmodi
844 941 881 1007 in
898 943 1066 1030 Algarum
1083 943 1180 1032 peri-

84 1057 206 1147 carpiis
228 1055 380 1146 conspici
400 1054 530 1144 possit?
580 1052 646 1120 Hic
667 1053 796 1117 fructus
819 1066 869 1116 est
889 1050 1028 1140 quidem
1048 1051 1180 1140 imper-

84 1164 207 1246 fectus,
229 1162 309 1254 quia
331 1185 448 1254 sporas
470 1177 599 1226 tantum
619 1184 730 1247 neque
751 1183 834 1225 vero
856 1160 985 1225 semina
1006 1157 1178 1237 continet,

85 1273 146 1340 seul
166 1276 228 1339 hac
258 1296 359 1338 causa
383 1272 513 1338 Charae
536 1266 638 1334 etiam
671 1267 713 1331 ad
744 1265 1005 1358 imperfectioris
1027 1283 1179 1335 structu-

82 1405 141 1447 rae
161 1384 292 1472 plantas
312 1379 493 1469 pertinent.
516 1376 578 1444 Sin
598 1399 682 1443 vero
705 1376 987 1467 significationem
1009 1375 1180 1443 adscribi-

80 1513 157 1555 mus
178 1486 362 1579 pericarpii
377 1486 464 1574 (veri
481 1484 668 1576 sporangii)
683 1487 968 1576 capsulaeformis,
990 1486 1181 1578 polyspori,

84 1596 184 1685 stylis
205 1619 267 1660 seu
288 1593 500 1683 stigmatibus
522 1592 728 1685 imperfectis
747 1595 911 1677 coronati,
923 1594 1181 1686 -conspicuus

87 1719 158 1769 tum
183 1701 285 1770 nobis
320 1716 413 1793 patet
441 1701 598 1769 transitus
620 1705 662 1768 ab
683 1703 915 1793 Equisetaceis
937 1703 980 1772 ad
1000 1704 1182 1773 formatio-

85 1836 145 1878 nes
175 1810 357 1877 inferiores
379 1812 804 1903 Monocotyledonearum‚
833 1812 1016 1894 Naiadum,
1039 1804 1182 1902 quarum

83 1946 209 2012 genera
230 1926 402 2000 Zosterae,
433 1919 621 2002 Caulintae,
646 1921 676 1987 si
697 1921 995 2003 inflorescentiam,
1022 1924 1179 2014 Najadis,

84 2032 318 2122 Gerctcphylli
346 2044 380 2095 et
420 2031 670 2123 Myriophylli,
708 2031 739 2095 si
771 2030 926 2096 habitum
959 2030 1181 2124 respicimus,

83 2139 241 2230 proxime
263 2139 306 2203 ad
328 2138 455 2205 Chares
477 2139 652 2205 accedunt.
703 2138 862 2229 Denique
885 2155 1053 2206 extremas
1073 2138 1182 2207 rami-

85 2247 260 2315 ficaticnes
288 2246 390 2313 caulis
422 2247 607 2313 Chararum
635 2250 908 2339 comparantibus
931 2264 965 2314 et
986 2250 1052 2316 huc
1079 2250 1180 2317 nobis
1242 2250 1245 2257 ’

84 2354 261 2425 manifesta
292 2354 454 2423 foliorum
486 2356 614 2424 indicia
641 2373 821 2448 apparent,
853 2360 1069 2451 praesertim,
1104 2384 1181 2427 cum

82 2490 199 2531 earum
224 2478 427 2531 structuram
462 2480 639 2532 externam
667 2493 686 2532 a
713 2472 808 2535 caule
829 2471 1070 2536 abhorrentem
1090 2494 1122 2536 v.
1151 2494 1179 2536 c.

83 2573 121 2639 in
158 2575 271 2641 Chora
304 2575 543 2665 cerctcphylla
580 2576 698 2641 Wcllr.
727 2581 762 2663 *)
795 2577 1111 2660 animadvertimus3
1149 2594 1182 2644 et

84 2683 149 2746 hac
169 2682 300 2747 ratione
322 2705 461 2771 quoque
481 2683 661 2748 monstrari
680 2700 805 2774 posset,
828 2687 954 2751 (lharas
974 2687 1103 2776 optime
1123 2687 1181 2752 in-

87 2804 139 2854 ter
158 2789 394 2879 Equisetaceas
420 2805 452 2855 et
477 2790 621 2881 primam
652 2793 1063 2886 Monocotyledcnearum
1094 2797 1180 2879 (Na-

82 2897 217 2984 iadum)
237 2898 400 2965 familiam
421 2901 580 2968 locandas
601 2927 690 2983 esse3
725 2905 819 2992 quod
840 2904 868 2970 si
890 2905 996 2982 fieret,
1016 2905 1179 2972 facillime

81 3007 214 3098 primae
241 3009 357 3077 classis
379 3012 536 3075 transitus
557 3010 594 3077 in
614 3011 796 3078 secundam
818 3012 952 3079 ostendi
972 3037 1073 3105 posse
1094 3015 1180 3082 mihi

79 3115 230 3188 videtur.
290 3119 479 3207 Analogias
512 3119 602 3187 inter
634 3121 760 3190 Chares
793 3137 827 3189 et
861 3125 987 3213 Algas,
1024 3127 1179 3214 quamvis

81 3486 150 3541 dunt
168 3488 234 3551 (cfr.
256 3493 348 3542 Weber
360 3504 385 3542 et
400 3492 483 3542 Motr
495 3496 595 3545 Baton.
619 3494 763 3546 Taschenb.
782 3495 851 3549 Tab-
870 3495 931 3551 Xll.
950 3496 1009 3568 Fig.
1031 3499 1065 3549 10
1079 3508 1106 3553 et
1121 3501 1177 3567 ll),

81 3581 275 3641 formationem
298 3582 420 3641 videmus
438 3602 551 3656 prorsus
570 3588 720 3644 chartarum
737 3588 841 3646 fructui
861 3590 990 3658 similem,
1015 3609 1096 3663 quam
1114 3595 1177 3661 Spo-

83 3685 207 3751 rcngium
227 3680 406 3736 nominamus.
450 3683 508 3738 Cur
531 3701 588 3738 non
611 3685 724 3741 eandem
747 3703 841 3740 vocem
860 3685 993 3740 eidemin
1012 3686 1104 3741 Chare
1123 3705 1177 3743 no-

83 3771 149 3827 tioni
169 3774 301 3829 servare?
336 3777 405 3831 Num
425 3778 494 3831 clius
512 3780 628 3833 nominis
649 3781 792 3852 usurpatio
811 3781 926 3838 sortasse
944 3781 1060 3853 probari
1077 3793 1176 3854 potest,

79 3869 155 3943 quod
173 3869 358 3943 Sporangiurn
376 3873 533 3931 Ricciacum
552 3897 605 3926 una
623 3875 764 3931 columella
782 3875 942 3949 stylifcrme,
962 3877 1116 3933 marorum
1130 3896 1176 3935 su·

79 3972 134 4020 tem
154 3972 269 4036 quinque
287 3966 410 4025 dentibus
429 3970 491 4047 styli
511 4003 526 4013 -
546 3988 568 4027 s.
587 3970 837 4042 stigruatifcrmibus
856 3983 896 4027 cst
915 3974 1108 4030 terminatum?

151 4100 182 4159 'J
201 4097 257 4151 Cfr.
280 4100 422 4152 tt'ultrmh.
444 4100 462 4152 l.
481 4118 506 4153 c.
525 4101 592 4155 Tol).
614 4105 643 4154 Ὺ.
