2744 4718
642 304 741 429 {tl-

140 513 232 599 quod
249 512 305 576 fila
320 511 467 600 globulis
481 511 612 578 inclusa
632 527 708 576 sunt
724 509 881 600 spiraha,
905 534 972 598 qua
988 534 1025 575 re
1045 511 1156 600 primo
1175 511 1236 576 in-

136 619 244 683 tuenti
276 616 431 706 analogia
464 640 541 682 oum
576 619 642 682 fitis
673 616 710 682 in
736 617 978 706 Equisetorum
1009 620 1234 709 receptaculis

136 727 211 792 tolli
231 727 399 806 videatur,
422 725 534 788 denuo
556 749 752 816 progressus
778 729 822 792 ad
842 749 924 793 vasa
945 725 1083 817 spiralia
1098 729 1237 818 planta-

135 860 210 900 rum
231 834 471 924 perfectiorum
493 835 730 924 cognoscitur.¹
771 835 1011 926 Equisetorum
1032 837 1235 927 germinatio

136 965 208 1008 non·
235 942 313 1008 satis
337 944 448 1008 adhuc
477 955 616 1020 constat,
638 943 752 1032 itaque
772 968 842 1012 non
862 947 978 1034 liquet,
1000 966 1114 1010 annon
1133 942 1170 1009 in
1189 943 1234 1009 iis

135 1051 218 1140 ipsis
244 1073 362 1119 eorum
381 1050 457 1129 filis,
485 1049 634 1139 granulis
654 1052 1001 1143 propaguliformibus
1030 1052 1233 1144 conspersio,

137 1162 257 1225 eadem
281 1159 360 1224 insit
383 1158 544 1239 facultas,
565 1159 601 1222 iu
623 1182 730 1227 novas
758 1165 889 1253 plantas
910 1161 1132 1240 ecresoendi‚·
1145 1184 1233 1250 quae

134 1268 170 1333 in
188 1269 372 1335 Chararum
394 1266 470 1332 fitis.
514 1265 589 1350 Qua
603 1283 715 1334 autem
731 1269 893 1360 opinione
909 1272 1114 1352 confirmata,
1139 1272 1234 1359 quod

136 1369 319 1464 aliquando
339 1375 414 1442 fieri
436 1381 503 1456 jam
520 1374 662 1442 facultas
677 1380 890 1468 germinandi
905 1382 1122 1470 analogarum
1135 1378 1234 1444 Mus-

137 1506 255 1550 corum
278 1487 511 1551 Antherarum
538 1487 682 1575 perinde
710 1503 810 1578 atque
837 1490 1104 1579 propagulorum
1132 1511 1233 1554 acer*

134 1595 293 1659 vulorum
313 1592 386 1658 fere
415 1609 511 1658 extra
536 1594 783 1661 dubitationem
805 1595 919 1686 ponit,
951 1619 1091 1686 prorsus
1113 1599 1234 1668 eadem

134 1701 269 1771 indoles
293 1701 474 1771 dubiorum
499 1702 637 1772 illorum
664 1727 868 1797 organorum
896 1718 1037 1796 pateret.

622 1966 645 2043 t.
690 1963 740 2026 aa.

216 2120 311 2186 Nunc
333 2120 378 2185 de
390 2142 474 2186 vero
486 2118 599 2184 fructu
616 2120 790 2184 locuturus
807 2143 891 2185 sum.
935 2121 1150 2209 Quocunque
1160 2146 1231 2190 no-

134 2229 225 2295 mine
254 2253 329 2295 eum
355 2252 534 2309 vocemus,
565 2227 638 2295 sive
668 2227 847 2318 Capsulae,
876 2226 948 2293 aive
969 2221 1141 2310 Seminis,
1154 2229 1230 2297 sive

134 2338 282 2416 Baccae,
311 2339 383 2404 aive
414 2338 582 2418 Nuculae,
615 2340 723 2434 (cujus
758 2351 950 2426 postremae
976 2360 1103 2404 nomen
1134 2353 1228 2406 corto

136 2446 262 2535 optime
289 2445 323 2511 ei
342 2444 579 2535 responderet,
613 2445 643 2510 si
664 2448 770 2511 ullum
791 2444 885 2511 aliud
905 2446 1106 2511 haberemus
1131 2446 1224 2512 nucia

134 2557 373 2645 polyspermae
395 2557 605 2645 exemplum,
627 2556 685 2620 vel
705 2553 832 2643 potius,
865 2552 896 2618 si
916 2575 1036 2620 norma
1058 2554 1229 2621 adscisco-

134 2677 242 2741 retur‚
275 2663 461 2729 secundum
489 2687 591 2751 quam
621 2676 655 2726 et
675 2684 851 2750 spor-arum
871 2666 1121 2752 receptaculum
1142 2664 1230 2730 duro

43 2823 47 2829 .
136 2771 264 2837 cortice
299 2770 498 2837 instructum
526 2769 665 2837 nomine
692 2769 790 2835 nucia
820 2775 1044 2860 vocaremus)
1078 2775 1124 2860 l⁶),
1146 2772 1231 2863 quid

205 3035 232 3097 *)
255 3030 389 3104 Equidem
416 3046 473 3083 non
496 3030 659 3102 probarem,
687 3028 910 3102 significationem
933 3047 1034 3085 vocum
1051 3024 1234 3105 'Gloasologio

136 3129 265 3184 butanica
283 3127 461 3191 admiratum,
488 3143 606 3199 quarum
622 3124 773 3198 unicuique
790 3126 830 3179 via
848 3134 889 3178 eat
905 3125 1067 3194 tenninata,
1086 3144 1161 3181 novo
1177 3144 1234 3184 utu

138 3225 286 3279 arbitrario
308 3223 338 3275 iu
361 3219 496 3275 infinitum
514 3219 632 3274 dilatari.
674 3225 740 3274 Nux
763 3235 803 3273 m
823 3225 1006 3291 Pericarpium
1023 3241 1234 3291 ,monoopemum

138 3335 184 3372 out
207 3325 244 3371 ccl
268 3339 393 3370 cumanum
416 3317 619 3388 oligoapermum
637 3344 672 3357 -
691 3336 742 3368 non
765 3316 900 3369 delitam
918 3321 965 3368 aea
985 3319 1074 3368 crebre
1089 3346 1123 3359 -
1143 3321 1235 3371 intuto

138 3419 249 3465 duaa-ram
268 3415 405 3466 volvarum
426 3417 576 3482 praeditum
591 3417 752 3475 (coriaceum
768 3412 810 3465 vel
822 3412 980 3485 lignorum).
1012 3410 1139 3474 (Confer.
1155 3411 1234 3467 Clu.

138 3513 229 3564 ufeau'i
243 3507 320 3573 liber,
328 3508 375 3576 qui
391 3505 563 3561 inscribitur:
582 3510 733 3561 Handbuclt
742 3512 788 3559 cler
797 3508 923 3561 Batonil.
931 3507 1008 3561 Tem.
1016 3504 1048 3559 ll.
1057 3526 1085 3579 p.
1094 3505 1155 3560 455.
1164 3516 1234 3580 eq.)-

137 3603 290 3658 Churarum
310 3602 467 3675 pericarpitt
491 3611 580 3654 autem
596 3618 653 3655 non
671 3624 743 3654 mono
758 3635 774 3645 -
791 3607 815 3657 v.
830 3605 1007 3674 oligoaperma
1025 3601 1071 3657 ted
1087 3603 1235 3675 polyapom

137 3708 216 3768 sunt,
242 3700 335 3771 itaque
363 3716 395 3755 ea
420 3700 532 3750 tumulas
561 3697 699 3752 vocatoria
729 3697 849 3769 primum
875 3699 954 3753 uobis
985 3698 1014 3754 iu
1040 3697 1256 3769 ternu'uologia.

136 3794 266 3848 botanioa
287 3801 372 3850 Nuria
395 3792 555 3866 significatio
579 3795 616 3848 ita
644 3791 847 3865 amplificanda,
872 3804 905 3848 ut
930 3803 957 3847 et
983 3794 1236 3871 Cryptogamarum

136 3888 323 3961 pericarpium
341 3890 519 3963 polysporum
544 3890 741 3960 amplectatur,
768 3891 843 3962 quod
866 3890 940 3944 vocis
965 3888 1151 3945 terminationi
1174 3899 1234 3944 tam

136 3986 307 4042 neocesariae
325 3985 496 4042 contrarium
512 4001 568 4037 ease
586 4001 752 4056 quemquam
768 3986 852 4039 latere
870 4005 924 4040 non
944 3995 1040 4058 potest.
1078 3990 1185 4045 Contra
1202 3985 1234 4040 io

135 4087 249 4151 Ricciis,
268 4099 337 4157 quoa
356 4083 437 4136 etiam
458 4081 486 4134 in
505 4079 661 4155 pericarpio
681 4083 772 4135 clauso
792 4100 847 4137 nou
865 4082 1020 4137 dehiscente
1038 4100 1133 4152 sporus
1146 4082 1237 4139 inolu-
