2744 4718
314 1289 1062 1401 PROOEMIUM

143 1811 284 1939 Neque
318 1843 456 1914 saltum
492 1841 619 1941 utique
654 1839 745 1913 facit
780 1854 912 1911 natura
922 1895 933 1930 ,
977 1865 1045 1912 nec
1082 1839 1238 1913 mirifica
1301 1873 1309 1891 ·

140 1995 220 2091 ‹ejtrs
247 1992 533 2094 interrumpitur
560 1993 688 2083 series,
715 1992 781 2064 sed
804 1992 890 2065 inde
909 2017 930 2064 a
946 1990 1237 2093 simplicissimis

141 2145 294 2235 formis,
340 2146 476 2244 quibus
520 2145 796 2246 vegetationem
832 2144 988 2245 incipit,
1034 2171 1154 2246 usque
1192 2144 1239 2216 ad

141 2296 437 2399 perfectissimae
473 2312 683 2371 structurae
720 2297 865 2396 plantas
892 2299 1086 2396 gradatam
1111 2298 1238 2370 niani-

143 2449 252 2524 festat
280 2449 514 2523 formationis
550 2450 830 2525 evolutionem..
880 2449 983 2541 Ouae
1017 2451 1050 2524 si
1072 2466 1234 2552 pateret,

142 2602 311 2702 profecto
345 2617 535 2700 repertum
575 2616 692 2692 esset,
726 2601 868 2700 inquo
896 2627 986 2674 vera
1013 2602 1069 2676 rei
1093 2601 1237 2676 herba-

141 2754 217 2825 riae
246 2752 399 2826 scientia
423 2768 547 2853 posset
574 2752 695 2844 inniti,
725 2768 762 2825 et
787 2767 865 2824 tum
893 2754 1043 2841 demum
1074 2770 1235 2851 systema

140 2920 294 2978 naturae
322 2905 510 2979 conforme
537 2905 779 2979 construendi
805 2905 916 2980 nohis
944 2906 1040 2979 foret
1060 2905 1233 2982 facultas.

139 3059 273 3129 Utrum
309 3057 510 3156 aliquando
537 3058 629 3131 illuc
657 3056 854 3158 pervenire
880 3057 1070 3158 possimus
1097 3085 1233 3153 necne,

140 3233 217 3278 non
248 3224 302 3281 est
345 3207 446 3308 quod
477 3208 541 3282 hic
577 3207 847 3306 disquiramus3
884 3209 979 3282 illud
1014 3228 1111 3284 certe
1138 3212 1236 3284 mihi

140 3381 372 3454 persuasum,
402 3361 522 3435 solam
544 3385 623 3431 eam
649 3359 771 3450 viam,
809 3387 883 3458 qua
909 3387 1062 3462 operam
1091 3363 1233 3455 demus,

138 3525 177 3581 ut
204 3510 307 3585 illius
346 3511 572 3585 evolutionis
609 3527 796 3585 momento
822 3530 1086 3613 persequentes
1113 3530 1235 3589 totum

138 3664 406 3765 vegetabilium
422 3666 677 3766 organismum
700 3689 981 3762 cognoscamus,
1003 3691 1132 3738 veram
1151 3693 1231 3741 esse

92 3806 102 3837 '
138 3817 187 3889 ad
224 3824 397 3890 naturam
432 3815 750 3917 perscrutandam.
821 3817 917 3889 Sunt
951 3816 1125 3916 quidem,
1167 3821 1234 3918 qui

135 3968 362 4069 vegetabilis
408 3967 629 4067 cognovisse
677 3984 825 4068 putent,
874 3994 958 4040 cum
995 3967 1234 4057 innumeram

134 4124 349 4223 plantarum
383 4119 531 4223 copiam
555 4121 836 4221 collegissent,
884 4144 1044 4220 qtrarum
1083 4122 1235 4195 nomina
