2744 4718
725 303 752 374 ll

529 552 846 711 'CAPUT
911 623 943 709 l.

183 954 259 1041 De
289 962 621 1076 plantarum
651 961 952 1068 Classibus,
983 991 1281 1076 carumque

394 1106 650 1189 transitu
696 1123 747 1188 ct
786 1105 1066 1220 analogia.

685 1465 708 1544 a.
752 1466 781 1525 5.

183 1559 349 1678 Regnum
375 1594 567 1681 vegetabile
590 1595 776 1661 secundum
795 1595 1011 1685 germinandi
1031 1580 1171 1660 modum
1189 1590 1283 1657 bila-

183 1699 269 1764 riam
293 1699 474 1782 dividitur,
495 1703 532 1767 in
554 1704 686 1790 plantas
711 1704 954 1790 Cotyledoncas
973 1703 1236 1792 (Embryonatos
1255 1728 1282 1769 s.

188 1809 227 1872 V
222 1810 425 1892 osculares),
444 1823 478 1872 et
495 1810 774 1899 Acotyledoncas
789 1782 1013 1893 (Gcilulorcs).
1045 1809 1130 1872 Illae
1147 1812 1284 1898 perspi-

184 1937 266 1980 cuos
288 1913 390 1980 flores
416 1913 553 2002 organis
575 1914 750 2001 utriusque
776 1937 878 1978 sexus
900 1913 1073 2002 praeditos
1092 1915 1282 2004 proferunt,

66 2020 69 2025 ’
183 2020 306 2088 indea
333 2021 454 2110 quibus
490 2022 646 2088 orarium
675 2035 753 2111 post
786 2019 1084 2088 fructificationem
1114 2046 1150 2089 se
1174 2024 1282 2114 magis

185 2129 314 2199 evolvit
337 2144 370 2196 et
388 2131 446 2196 vel
471 2127 510 2196 in
526 2129 664 2196 unicum
683 2153 802 2196 semen
818 2133 876 2197 vel
890 2130 926 2196 in
944 2131 1092 2197 fructum
1112 2131 1281 2221 increscit·

184 2239 251 2307 Hic
264 2238 405 2322 fructus,
425 2252 498 2306 tum
516 2238 645 2305 semina
665 2238 755 2306 intus
775 2239 967 2320 continens,
988 2240 1188 2328 simulatque
1207 2264 1284 2305 ma-

184 2365 280 2416 turus
302 2363 361 2430 est,
384 2372 424 2414 ea
445 2347 576 2415 emittit.
621 2346 782 2414 Constant
801 2347 868 2413 ista
888 2349 1016 2413 semina
1036 2370 1082 2411 ex
1096 2347 1283 2411 Albuneae

185 2483 211 2525 s.
246 2460 454 2544 Perispcrmo
485 2472 517 2522 et
546 2456 690 2547 Embryo
717 2455 809 2521 intus
830 2457 983 2536 incluso,
1016 2456 1110 2544 quod
1133 2457 1281 2544 plantam

183 2566 331 2632 suturam
358 2579 435 2631 ante
462 2564 606 2630 simulat.
657 2561 866 2653 Simulatque
890 2586 974 2631 vero
1003 2562 1175 2629 inlocum
1199 2563 1282 2628 ido-

186 2699 287 2742 neum
310 2673 544 2764 pervenerint,
564 2673 602 2739 in
627 2696 752 2740 novam
770 2676 919 2765 plantam
939 2697 976 2738 se
993 2669 1165 2761 explicant
1187 2672 1283 2757 (ger-

186 2784 330 2871 minant)
354 2798 388 2849 et
415 2805 505 2848 nnnc
528 2805 630 2872 super
652 2796 741 2848 terra
766 2787 823 2850 vel
848 2806 918 2849 uno
944 2781 1068 2848 foliolo
1101 2795 1199 2846 acuto
1226 2782 1282 2845 vel

186 2891 340 2982 pluribus
369 2893 582 2981 (plerumque
604 2891 747 2978 duobus)
765 2890 910 2995 foliolis,
935 2913 953 2954 e
974 2889 1183 2979 perispermo
1206 2886 1283 2952 sor·

187 3000 302 3082 matis,
329 3001 493 3067 instructa
523 3015 693 3090 apparent.
743 3001 840 3066 Duae
864 3001 968 3088 igitur
990 2997 1146 3063 oriuntur
1173 2996 1284 3084 Coty-

188 3108 410 3176 ledonearum
438 3109 606 3176 sectiones
635 3134 660 3174 s.
697 3112 835 3175 classes:
873 3106 1221 3197 lllonocotylcdoucoc
1248 3118 1281 3170 et

190 3217 483 3309 Dicotyledoneae.

691 3416 714 3494 t.
757 3413 787 3475 a.

273 3545 549 3634 Acotyledoneis,
571 3543 703 3609 tertiam
730 3548 870 3610 classem
893 3541 1184 3619 constituentibus,
1216 3536 1282 3602 ad-

191 3666 408 3717 numerantur
431 3654 575 3742 plantae,
597 3652 718 3740 quibus
732 3651 834 3718 llores
850 3651 1021 3742 perspicui
1033 3672 1104 3716 non
1115 3648 1191 3728 sint,
1209 3646 1232 3710 i.
1253 3669 1282 3710 e.

192 3785 278 3850 quae
294 3759 447 3842 floribus,
469 3760 529 3848 qui
549 3760 685 3850 proprie
708 3759 882 3839 (licuntur,
905 3773 962 3823 ant
980 3756 1118 3824 omnino
1138 3768 1285 3835 careant,

193 3884 250 3935 aut
259 3869 478 3960 imperfectos
489 3866 546 3936 v‘el
557 3873 630 3935 sola
643 3867 772 3933 indicia
784 3890 902 3933 eorum
914 3865 1066 3944 offerant,
1082 3888 1186 3951 quare
1200 3867 1286 3929 Lin-

192 4000 297 4043 noeus
304 3981 403 4059 hujus
409 3977 601 4067 partitionis
608 3980 736 4066 plantas
747 3977 988 4068 Cryptogumos
994 3972 1192 4054 nominavit,
1202 3994 1285 4060 quas

193 4087 320 4176 primae
341 4085 500 4178 opposuit
519 4083 703 4176 partitioni,
727 4083 783 4150 cui
802 4107 927 4150 nomen
948 4085 1287 4170 Phanerogamarum
