2744 4718
700 327 801 449 ffl-

682 537 706 616 t.
759 535 810 600 45.

281 666 419 732 Plantae
437 665 542 743 vhujus
563 662 664 729 seriei
677 668 744 745 jam
757 665 867 756 prima
883 666 1080 733 evolutione
1094 664 1183 731 inter
1194 667 1296 733 Aco-

118 847 120 851 7
199 770 399 861 tyledoneas
427 787 461 837 et
491 771 842 862 Monocotyledoneas
872 775 1045 841 fluctuant.
1097 774 1246 841 Primum
1275 800 1294 841 e

195 879 313 969 'sporis
345 879 495 971 propriis
522 880 723 972 pericarpiis
750 883 947 972 (Capsulis)
968 881 1108 950 inclusis
1137 881 1295 948 foliolum

198 987 396 1071 rotundum,
421 987 549 1072 viride,
569 993 802 1056 succulentum
817 990 998 1081 primordii
1011 990 1295 1081 Jungermamriae

199 1117 261 1160 seu
282 1095 514 1164 Marchantiae
542 1097 649 1164 instar
681 1098 806 1181 oritur,
830 1100 925 1188 quod
954 1115 1064 1166 terrae
1097 1100 1295 1189 adpressum

199 1227 237 1269 se
272 1205 435 1295 expandit
461 1221 494 1277 et
522 1205 613 1272 infra
634 1231 680 1272 ex
702 1230 773 1273 uno
797 1223 925 1297 puncto
946 1206 1296 1298 proximo'margini,

198 1312 256 1378 hic
279 1316 481 1404 plerumque
504 1315 676 1396 sinuatae,
706 1316 1133 1410 miliano-impressae,
1167 1316 1297 1406 aliqui-⁴

200 1423 263 1488 bus
286 1423 459 1489 radicibus
477 1438 588 1489 terrae
623 1416 784 1523 affigitur'p
830 1425 910 1509 Quo
932 1451 977 1492 ex
997 1429 1076 1493 loco
1097 1442 1217 1518 postea
1234 1450 1297 1494 su-

197 1555 304 1621 perne
329 1532 427 1600 frons
447 1557 548 1599 sensu
563 1532 704 1625 proprio
726 1558 763 1601 se
784 1527 948 1604 ”evolvens
969 1537 1141 1628 provenit.
1183 1537 1297 1603 Prima

196 1640 305 1732 igitur
327 1640 473 1709 Filicum
495 1640 657 1709 formatio
686 1644 886 1733 adgreditur
913 1647 957 1710 ad
977 1644 1135 1712 foliolum
1161 1647 1297 1734 cotyle-

198 1747 363 1831 doneum‚
394 1752 488 1840 quod
508 1767 621 1818 tamen
642 1751 833 1817 directione
851 1761 962 1816 terrae
984 1753 1144 1840 adpressa
1159 1778 1178 1817 a
1194 1768 1297 1841 coty-

197 1856 379 1923 ledonibus
401 1856 523 1922 erectis
546 1859 604 1925 vel
627 1881 728 1946 supra
744 1870 868 1922 terram
886 1858 1144 1922 ascendentibus
1161 1862 1296 1947 planta-

196 2022 436 2044 μ

197 2098 277 2154 usuri
302 2096 402 2164 simus,
426 2110 482 2168 quo
499 2093 614 2148 antehac
640 2109 666 2148 r.
685 2109 712 2148 o.
730 2097 875 2162 Lianaeus,
896 2093 1097 2149 Wlldencwun
1114 2106 1142 2149 st
1158 2097 1222 2165 alii,
1250 2099 1299 2168 qui

198 2195 252 2249 boc
269 2189 381 2248 nomine
398 2188 593 2246 diversissimas
613 2187 746 2263 complexi
766 2198 828 2243 sunt
845 2189 960 2263 plantas,
980 2206 1061 2261 quae,
1075 2200 1106 2244 ut
1121 2192 1201 2247 notio
1213 2210 1296 2247 verae

198 2288 290 2345 Filicis
307 2286 454 2363 perspicua
471 2287 521 2356 sit,
548 2285 637 2341 eidem
660 2285 752 2340 ordini
772 2303 887 2358 prorsus
905 2285 1082 2340 adnumerari
1099 2303 1155 2341 non
1172 2296 1295 2359 possunt.

201 2386 403 2442 Wlldmowius
425 2381 455 2436 in
481 2380 569 2451 libro,
597 2400 645 2463 qtn
669 2380 830 2436 inscribitur
857 2385 1003 2436 Grundriss
1021 2386 1068 2434 der
1084 2383 1294 2450 Kriiuterdunde,

200 2481 328 2537 Filicibns
351 2477 494 2550 adscripsit
524 2476 764 2550 chopodiaceas,
794 2477 1004 2550 Rhizospermas
1030 2487 1057 2532 et
1084 2477 1290 2550 Equisetaceas,

200 2596 271 2653 quse
295 2587 410 2633 cunctae
433 2573 573 2648 primariis
592 2575 798 2630 characteribus
816 2575 850 2630 sb
868 2573 922 2627 illis
939 2573 1077 2629 differunt.
1118 2575 1185 2628 Eam
1202 2574 1294 2644 potius

200 2671 339 2728 dividendi
353 2670 489 2727 rationem
503 2670 579 2743 sequi
587 2671 705 2741 mallem,
718 2689 802 2746 quam
817 2672 883 2726 clar.
900 2672 1069 2743 Sprengelius
1078 2671 1109 2725 iu
1118 2671 1199 2740 libro,
1215 2688 1295 2744 quem

201 2768 353 2842 inscripsit:
371 2768 521 2839 Anleitung
539 2789 588 2819 zur
605 2771 749 2820 Kenntniss
765 2771 812 2819 der
829 2770 977 2822 Gewiicbse.
996 2770 1042 2822 2ts
1065 2769 1140 2841 Aufl.
1159 2771 1221 2822 Qtor
1234 2769 1295 2822 Ttal-

200 2890 228 2939 ρ.
246 2866 378 2935 tto-107,
396 2861 529 2936 exposuit.
568 2861 703 2933 Equidem
720 2877 788 2915 vcro
807 2860 937 2934 opinione
955 2864 1059 2934 ducor,
1086 2864 1203 2933 Filices,
1232 2882 1297 2919 cum

201 2979 297 3017 earum
321 2961 424 3015 formae
449 2959 592 3015 manifeste
618 2957 691 3012 inter
714 2975 742 3011 se
769 2957 950 3027 conveniant,
976 2961 1042 3015 tales
1067 2961 1205 3015 habendas
1223 2978 1296 3050 esse,

202 3076 272 3129 quae
289 3075 376 3112 uuum
392 3066 497 3111 tantum
515 3054 651 3122 ordinem,
677 3055 708 3108 in
726 3064 847 3128 quatuor
863 3053 979 3109 familias
1007 3055 1197 3127 distributum,
1223 3051 1296 3112 con-

203 3157 322 3211 stituant
340 3155 406 3211 Inde
423 3154 493 3208 haec
509 3161 672 3225 sequeretur
689 3149 803 3208 divisio:

537 3299 662 3356 ORDO
684 3299 740 3354 vlt.
783 3297 970 3370 Plato-Es.

491 3421 605 3477 Familia
641 3424 665 3475 1.
686 3426 886 3494 Gyropterides,

643 3521 670 3572 2.
689 3519 966 3588 Schismatopterisles,

641 3617 668 3669 3.
687 3618 872 3685 Poropterides
880 3652 888 3680 ,

590 3744 593 3749 ·
638 3711 667 3765 4.
685 3714 921 3783 Stacbyopterides.

272 3807 333 3863 Hac
349 3804 530 3876 redonasse,
545 3823 615 3879 quae
631 3808 755 3877 capsulas
773 3814 883 3878 gyratas
896 3815 1003 3878 gerunt,
1018 3805 1204 3860 tantummodo
1214 3805 1295 3860 ordi-

204 3902 247 3957 nis
273 3902 488 3961 subdivisionem
507 3902 655 3970 efficerent,
673 3920 707 3956 ac
723 3901 852 3972 deinceps
869 3911 900 3955 ut
916 3899 1017 3954 familia
1034 3901 1212 3956 cohaererent
1231 3921 1296 3958 cum

206 3998 314 4067 ceteris,
332 4017 400 4071 quas
418 4000 588 4072 Sprengelius
605 3998 686 4053 siml
703 3996 733 4050 in
750 3995 853 4052 familia
871 4003 1068 4052 Pteroidearum
1087 4000 1242 4072 complexus
1254 4008 1297 4054 est

205 4103 234 4149 et
249 4111 349 4150 nomen
366 4095 481 4152 Filicum
499 4094 600 4167 optime
617 4092 667 4149 toti
686 4091 778 4148 ordini
795 4091 908 4148 retineri
925 4103 1025 4167 posset.
