2744 4718
627 303 674 376 53

102 504 236 573 ticillati
248 503 483 583 inveniuntur,
507 520 540 569 et
556 503 593 569 in
604 503 687 592 ipsis
704 504 1033 588 Batracbcspermis‚
1062 503 1098 567 in
1118 503 1198 591 qui-

102 617 162 680 bus
186 617 270 678 haec
300 610 480 701 dispositio
507 611 724 678 verticillaris
747 610 894 674 maxime
925 625 976 674 est
1002 613 1194 700 conspicua,

101 723 253 789 breviter
272 745 312 788 ac
328 719 560 787 moniliforme
582 719 750 786 articulati
772 734 867 796 sunt,
900 743 998 807 quam
1022 719 1197 786 conditio-

102 855 181 896 nem
204 829 241 895 in
268 828 638 905 Chararumarticulis
664 828 770 916 magis
791 826 1001 916 prolongatis
1026 853 1197 917 nunquam

104 939 263 1029 reperias.
285 936 516 1007 Verticillaris
535 939 619 1007 haec
635 939 843 1001 ramulorum
860 935 1040 1026 dispositio
1058 938 1095 1002 in
1114 964 1199 1004 can-

106 1049 149 1114 lis
172 1063 204 1113 et
226 1068 403 1113 ramorum
429 1045 595 1135 geniculis
622 1047 728 1110 multo
750 1044 856 1133 magis
885 1069 940 1111 eas
954 1045 1197 1134 *Equisetaceis

107 1181 207 1247 quam
237 1155 335 1243 Algis
363 1154 596 1244 approximat3
636 1169 670 1218 et
696 1153 855 1243 primaria
877 1157 981 1232 ratio,
1015 1179 1081 1242 qua
1104 1156 1197 1245 ipsae

106 1264 338 1354 Equisetaeeis
354 1262 620 1353 propinquiores
637 1263 812 1331 habendae
832 1261 913 1336 sint„
937 1264 1021 1328 haec
1039 1264 1124 1329 milri
1140 1266 1200 1334 vi-

106 1377 220 1454 detur,
243 1375 339 1462 quod
356 1371 395 1437 in
412 1370 811 1461 ¹ipsius-fructificationis
831 1371 980 1461 partibus
997 1395 1200 1462 comparan-

105 1485 163 1551 dis·
184 1479 440 1550 evidentissima
475 1480 564 1546 inter
593 1497 751 1570 utrasque
787 1479 994 1570 conspicitur
1033 1482 1198 1570 analogia.

106 1595 194 1657 Num
205 1589 264 1661 ubi
275 1591 489 1677 receptacula
498 1591 623 1678 peltata
635 1591 802 1681 spicarum
810 1588 1050 1677 Equisetorum
1060 1573 1201 1656 eorum-

110 1724 176 1787 que
194 1694 373 1787 perigonia
395 1695 485 1762 intus
511 1699 717 1764 dehiscentia
740 1723 817 1764 oum
844 1698 1030 1765 Chararum
1054 1702 1200 1788 globulis
1255 1703 1257 1708 ⁸

110 1804 454 1887 (antherilormibus)‚
478 1830 562 1891 quae
582 1808 689 1872 tribus
708 1807 854 1874 valvulis
878 1805 1100 1872 circumcirca
1121 1809 1201 1872 fim-

107 1913 224 1980 briatis
238 1911 427 1978 formantur
445 1930 478 1979 et
495 1914 634 1979 ramulis
653 1914 740 1980 intra
753 1914 918 1995 insident,
940 1914 1073 2003 filisque
1091 1917 1201 2006 spira-

104 2025 193 2089 libus
218 2020 255 2085 in
281 2018 323 2085 iis
344 2021 484 2086 inclusis
507 2023 710 2103 contuleris,
734 2040 849 2104 certo,
871 2024 1053 2114 praecipue
1076 2024 1104 2091 si
1124 2029 1202 2092 val-

108 2135 264 2198 vularum
287 2132 477 2196 solutarum
494 2131 645 2218 aliquam
666 2132 847 2199 intuiturus
871 2134 933 2214 sis,
960 2133 1202 2202 formationem

110 2239 260 2330 reperies
275 2241 451 2328 analogam
463 2241 687 2328 receptaculis
707 2240 776 2306 illis
793 2241 930 2331 peltatis
957 2256 991 2307 et
1014 2241 1202 2331 perigoniis

108 2345 386 2415 lobuliformibus
411 2349 765 2428 iis²adl1aerentibus3
809 2365 843 2415 et
869 2351 1101 2417 conditionem
1124 2352 1203 2416 fila-

106 2470 295 2522 mentosum
308 2456 410 2523 facile
425 2462 603 2547 analogum
619 2438 721 2524 ducas
736 2457 802 2522 filis
816 2459 1095 2550 hygrometriciS,
1114 2485 1201 2549 quae

110 2565 152 2629 ad
168 2563 263 2630 basin
279 2562 399 2653 pistilli
417 2565 615 2656 (sporangii)
640 2567 882 2654 Equisetorum
894 2566 1119 2659 reperiuntur.
1162 2570 1202 2634 lu

110 2671 164 2736 his
181 2671 317 2760 quidem
343 2673 434 2739 istud
460 2676 622 2764 pistillum
641 2676 836 2742 immediate
864 2676 930 2740 filis
951 2688 1144 2742 connexum
1169 2693 1202 2743 et

76 2818 80 2825 =
110 2782 146 2845 iu
170 2783 291 2848 eodem
319 2782 500 2871 perigenis
523 2782 691 2849 inclusum
712 2784 884 2862 videmus,
921 2785 1002 2849 dum
1030 2800 1148 2850 contra
1166 2785 1202 2849 in

110 2889 229 2956 Charis
246 2916 266 2955 a
284 2890 350 2955 fitis
372 2891 575 2967 disiunctum
595 2907 627 2957 et
644 2907 741 2958 extra
757 2896 909 2960 valvulas
929 2917 969 2957 ea
994 2892 1201 2961 circumclu-

107 3000 226 3089 dentes
246 3001 283 3064 in
299 2998 447 3087 'ramulis
464 3000 598 3066 insidet.
652 3003 773 3068 Nonne
798 3016 909 3066 autem
926 3003 990 3066 hac
1015 3001 1088 3092 ipsa
1116 3023 1202 3092 pro·

105 3108 296 3196 pagationis
326 3130 532 3197 organorum
561 3109 788 3191 disjunctione
820 3121 913 3190 (nam
942 3094 978 3176 e·
986 3111 1202 3199 globulorum

106 3215 174 3281 filis
189 3215 377 3302 Cliararum
392 3241 490 3282 veras
509 3221 641 3307 plantas
661 3219 792 3285 exoriri
809 3219 977 3303 videmus)
997 3217 1098 3284 altior
1109 3221 1202 3284 oha-

108 3346 222 3388 rarum
249 3326 401 3392 evolutio
430 3326 575 3393 indicari
603 3342 730 3416 potest,
759 3329 893 3416 qualem
917 3327 1078 3393 continuo
1100 3352 1202 3392 sexus

111 3427 291 3507 disiunctio
319 3431 355 3497 in
382 3434 507 3523 plantis
534 3434 796 3524 perfectioribus
821 3432 999 3499 evidenter
1028 3435 1202 3500 ostendit?

108 3535 194 3603 Cum
210 3561 314 3620 vero,
335 3539 463 3629 ubique
475 3543 634 3608 transitus
652 3558 685 3610 et
705 3542 877 3632 analogias
890 3566 953 3631 per
967 3543 1080 3608 omnia
1102 3561 1203 3610 natu-

107 3668 167 3710 rae
187 3669 292 3735 regna
305 3662 440 3735 patere,
464 3652 581 3742 negari
603 3677 672 3719 non
689 3649 818 3742 possit,
846 3652 968 3716 merito
987 3654 1050 3718 hac
1071 3653 1203 3719 ratione

109 3748 295 3818 Chararum
317 3759 468 3825 evolutio
496 3760 680 3850 perfectior
704 3759 836 3826 admitti
860 3776 981 3849 potest.
1041 3762 1090 3827 Eo
1116 3763 1202 3854 ipso,

107 4004 199 4060 nstelli
220 4007 352 4062 Giornale
367 4007 393 4061 di
418 4008 505 4064 Fisica
519 4012 600 4078 1818,
622 4009 754 4064 Bimcstre
769 4015 794 4064 3.
811 4047 846 4059 --
881 4009 997 4065 Journal
1013 4011 1045 4064 dc
1058 4011 1202 4085 Physiqus.

106 4103 182 4173 Sept.
205 4105 273 4156 181ss
290 4123 316 4173 p.
341 4106 401 4157 230.
