<?xml version="1.0" encoding="UTF-8"?>
<!DOCTYPE html PUBLIC "-//W3C//DTD XHTML 1.0 Transitional//EN"
    "http://www.w3.org/TR/xhtml1/DTD/xhtml1-transitional.dtd">
<html xmlns="http://www.w3.org/1999/xhtml" xml:lang="en" lang="en">
 <head>
  <title>
</title>
<meta http-equiv="Content-Type" content="text/html;charset=utf-8" />
  <meta name='ocr-system' content='tesseract 3.04.00' />
  <meta name='ocr-capabilities' content='ocr_page ocr_carea ocr_par ocr_line ocrx_word'/>
</head>
<body>
  <div class='ocr_page' id='page_1' title='image "./deplantarumprae00biscgoog_0048.png"; bbox 0 0 2744 4718; ppageno 0'>
   <div class='ocr_carea' id='block_1_1' title="bbox 588 315 703 435">
    <p class='ocr_par' dir='ltr' id='par_1_1' title="bbox 588 315 703 435">
     <span class='ocr_line' id='line_1_1' title="bbox 588 315 703 435; baseline -0.009 -95"><span class='ocrx_word' id='word_1_1' title='bbox 588 315 687 435; x_wconf 40' lang='grc' dir='ltr'><strong><em>Ἀ</em></strong></span> <span class='ocrx_word' id='word_1_2' title='bbox 698 328 703 339; x_wconf 90' lang='grc'>.</span> 
     </span>
    </p>
   </div>
   <div class='ocr_carea' id='block_1_2' title="bbox 81 516 1250 1715">
    <p class='ocr_par' dir='ltr' id='par_1_2' title="bbox 81 516 1250 1715">
     <span class='ocr_line' id='line_1_2' title="bbox 82 516 1182 607; baseline -0.011 -12"><span class='ocrx_word' id='word_1_3' title='bbox 82 525 255 596; x_wconf 87' lang='lat' dir='ltr'>cellulosis</span> <span class='ocrx_word' id='word_1_4' title='bbox 278 522 383 589; x_wconf 89' lang='lat' dir='ltr'>abiis</span> <span class='ocrx_word' id='word_1_5' title='bbox 405 521 510 594; x_wconf 82' lang='lat' dir='ltr'>caulis</span> <span class='ocrx_word' id='word_1_6' title='bbox 531 518 716 588; x_wconf 75' lang='lat' dir='ltr'>lateraliter</span> <span class='ocrx_word' id='word_1_7' title='bbox 746 517 1000 607; x_wconf 87' lang='lat' dir='ltr'>divergentibus</span> <span class='ocrx_word' id='word_1_8' title='bbox 1023 530 1057 583; x_wconf 86' lang='lat' dir='ltr'>et</span> <span class='ocrx_word' id='word_1_9' title='bbox 1078 516 1182 583; x_wconf 90' lang='lat' dir='ltr'>lami-</span> 
     </span>
     <span class='ocr_line' id='line_1_3' title="bbox 82 625 1182 719; baseline -0.008 -17"><span class='ocrx_word' id='word_1_10' title='bbox 82 636 136 713; x_wconf 76' lang='lat' dir='ltr'>nis</span> <span class='ocrx_word' id='word_1_11' title='bbox 157 632 315 701; x_wconf 81' lang='lat' dir='ltr'>tenuibus</span> <span class='ocrx_word' id='word_1_12' title='bbox 344 636 440 712; x_wconf 75' lang='lat' dir='ltr'>juxta</span> <span class='ocrx_word' id='word_1_13' title='bbox 470 625 590 719; x_wconf 85' lang='lat' dir='ltr'>positis</span> <span class='ocrx_word' id='word_1_14' title='bbox 623 627 868 717; x_wconf 84' lang='lat' dir='ltr'>producuntur.</span> <span class='ocrx_word' id='word_1_15' title='bbox 916 627 957 692; x_wconf 90' lang='lat' dir='ltr'>ln</span> <span class='ocrx_word' id='word_1_16' title='bbox 985 626 1182 694; x_wconf 83' lang='lat' dir='ltr'>lluscorum</span> 
     </span>
     <span class='ocr_line' id='line_1_4' title="bbox 81 737 1180 827; baseline -0.007 -15"><span class='ocrx_word' id='word_1_17' title='bbox 81 743 175 813; x_wconf 87' lang='lat' dir='ltr'>foliis</span> <span class='ocrx_word' id='word_1_18' title='bbox 196 766 260 808; x_wconf 90' lang='lat' dir='ltr'>nec</span> <span class='ocrx_word' id='word_1_19' title='bbox 281 763 392 808; x_wconf 88' lang='lat' dir='ltr'>venae</span> <span class='ocrx_word' id='word_1_20' title='bbox 411 761 475 803; x_wconf 89' lang='lat' dir='ltr'>nec</span> <span class='ocrx_word' id='word_1_21' title='bbox 496 737 600 802; x_wconf 86' lang='lat' dir='ltr'>nervi</span> <span class='ocrx_word' id='word_1_22' title='bbox 623 748 882 824; x_wconf 87' lang='lat' dir='ltr'>cognoscuntur,</span> <span class='ocrx_word' id='word_1_23' title='bbox 908 749 942 800; x_wconf 88' lang='lat' dir='ltr'>et</span> <span class='ocrx_word' id='word_1_24' title='bbox 960 760 1062 824; x_wconf 89' lang='lat' dir='ltr'>quem</span> <span class='ocrx_word' id='word_1_25' title='bbox 1075 740 1180 827; x_wconf 86' lang='lat' dir='ltr'>vulgo</span> 
     </span>
     <span class='ocr_line' id='line_1_5' title="bbox 81 842 1183 939; baseline -0.011 -16"><span class='ocrx_word' id='word_1_26' title='bbox 81 876 226 922; x_wconf 88' lang='lat' dir='ltr'>nervum</span> <span class='ocrx_word' id='word_1_27' title='bbox 250 872 371 919; x_wconf 86' lang='lat' dir='ltr'>eorum</span> <span class='ocrx_word' id='word_1_28' title='bbox 394 846 590 926; x_wconf 88' lang='lat' dir='ltr'>nominant,</span> <span class='ocrx_word' id='word_1_29' title='bbox 616 844 666 908; x_wconf 89' lang='lat' dir='ltr'>nil</span> <span class='ocrx_word' id='word_1_30' title='bbox 688 842 754 909; x_wconf 86' lang='lat' dir='ltr'>nisi</span> <span class='ocrx_word' id='word_1_31' title='bbox 771 843 915 939; x_wconf 87' lang='lat' dir='ltr'>illorum</span> <span class='ocrx_word' id='word_1_32' title='bbox 935 845 1071 911; x_wconf 88' lang='lat' dir='ltr'>filorum</span> <span class='ocrx_word' id='word_1_33' title='bbox 1093 860 1183 912; x_wconf 88' lang='lat' dir='ltr'>stra-</span> 
     </span>
     <span class='ocr_line' id='line_1_6' title="bbox 82 943 1183 1048; baseline -0.009 -18"><span class='ocrx_word' id='word_1_34' title='bbox 82 978 156 1030; x_wconf 89' lang='lat' dir='ltr'>tum</span> <span class='ocrx_word' id='word_1_35' title='bbox 180 976 247 1041; x_wconf 87' lang='lat' dir='ltr'>est,</span> <span class='ocrx_word' id='word_1_36' title='bbox 268 958 363 1048; x_wconf 90' lang='lat' dir='ltr'>quod</span> <span class='ocrx_word' id='word_1_37' title='bbox 384 980 403 1022; x_wconf 90' lang='lat' dir='ltr'>e</span> <span class='ocrx_word' id='word_1_38' title='bbox 426 953 557 1021; x_wconf 87' lang='lat' dir='ltr'>cellulis</span> <span class='ocrx_word' id='word_1_39' title='bbox 579 966 711 1018; x_wconf 89' lang='lat' dir='ltr'>constat</span> <span class='ocrx_word' id='word_1_40' title='bbox 731 951 982 1040; x_wconf 85' lang='lat' dir='ltr'>angustioribus</span> <span class='ocrx_word' id='word_1_41' title='bbox 1006 967 1040 1018; x_wconf 88' lang='lat' dir='ltr'>et</span> <span class='ocrx_word' id='word_1_42' title='bbox 1058 943 1183 1020; x_wconf 87' lang='lat' dir='ltr'>arctius</span> 
     </span>
     <span class='ocr_line' id='line_1_7' title="bbox 85 1050 1184 1155; baseline -0.008 -18"><span class='ocrx_word' id='word_1_43' title='bbox 85 1050 291 1150; x_wconf 56' lang='lat' dir='ltr'>conjunctim</span> <span class='ocrx_word' id='word_1_44' title='bbox 321 1087 425 1155; x_wconf 90' lang='lat' dir='ltr'>quare</span> <span class='ocrx_word' id='word_1_45' title='bbox 446 1063 645 1128; x_wconf 88' lang='lat' dir='ltr'>Muscorum</span> <span class='ocrx_word' id='word_1_46' title='bbox 672 1057 757 1126; x_wconf 87' lang='lat' dir='ltr'>folia</span> <span class='ocrx_word' id='word_1_47' title='bbox 781 1083 911 1150; x_wconf 84' lang='lat' dir='ltr'>semper</span> <span class='ocrx_word' id='word_1_48' title='bbox 930 1062 1061 1128; x_wconf 88' lang='lat' dir='ltr'>sessilia</span> <span class='ocrx_word' id='word_1_49' title='bbox 1077 1087 1184 1154; x_wconf 91' lang='lat' dir='ltr'>appa-</span> 
     </span>
     <span class='ocr_line' id='line_1_8' title="bbox 86 1167 1184 1271; baseline -0.014 -26"><span class='ocrx_word' id='word_1_50' title='bbox 86 1192 180 1258; x_wconf 85' lang='lat' dir='ltr'>rent,</span> <span class='ocrx_word' id='word_1_51' title='bbox 203 1191 302 1264; x_wconf 83' lang='lat' dir='ltr'>atque</span> <span class='ocrx_word' id='word_1_52' title='bbox 329 1197 413 1271; x_wconf 28' lang='lat' dir='ltr'>cum·</span> <span class='ocrx_word' id='word_1_53' title='bbox 429 1192 556 1252; x_wconf 88' lang='lat' dir='ltr'>nervo,</span> <span class='ocrx_word' id='word_1_54' title='bbox 585 1193 686 1258; x_wconf 91' lang='lat' dir='ltr'>quem</span> <span class='ocrx_word' id='word_1_55' title='bbox 709 1167 834 1250; x_wconf 88' lang='lat' dir='ltr'>dicunt,</span> <span class='ocrx_word' id='word_1_56' title='bbox 857 1183 890 1235; x_wconf 91' lang='lat' dir='ltr'>et</span> <span class='ocrx_word' id='word_1_57' title='bbox 912 1169 1070 1260; x_wconf 86' lang='lat' dir='ltr'>utrinque</span> <span class='ocrx_word' id='word_1_58' title='bbox 1090 1196 1184 1238; x_wconf 67' lang='lat' dir='ltr'>man-</span> 
     </span>
     <span class='ocr_line' id='line_1_9' title="bbox 85 1277 1185 1382; baseline -0.006 -28"><span class='ocrx_word' id='word_1_59' title='bbox 85 1287 166 1378; x_wconf 91' lang='lat' dir='ltr'>gine</span> <span class='ocrx_word' id='word_1_60' title='bbox 180 1285 316 1352; x_wconf 87' lang='lat' dir='ltr'>surculo</span> <span class='ocrx_word' id='word_1_61' title='bbox 337 1280 531 1347; x_wconf 90' lang='lat' dir='ltr'>decurrunt.</span> <span class='ocrx_word' id='word_1_62' title='bbox 569 1279 732 1342; x_wconf 83' lang='lat' dir='ltr'>Attamen</span> <span class='ocrx_word' id='word_1_63' title='bbox 749 1290 783 1342; x_wconf 88' lang='lat' dir='ltr'>et</span> <span class='ocrx_word' id='word_1_64' title='bbox 801 1277 858 1342; x_wconf 89' lang='lat' dir='ltr'>hic</span> <span class='ocrx_word' id='word_1_65' title='bbox 871 1279 1027 1369; x_wconf 88' lang='lat' dir='ltr'>analogia</span> <span class='ocrx_word' id='word_1_66' title='bbox 1041 1279 1185 1382; x_wconf 86' lang='lat' dir='ltr'>offertur</span> 
     </span>
     <span class='ocr_line' id='line_1_10' title="bbox 86 1384 1250 1476; baseline -0.007 -13"><span class='ocrx_word' id='word_1_67' title='bbox 86 1420 164 1464; x_wconf 88' lang='lat' dir='ltr'>cum</span> <span class='ocrx_word' id='word_1_68' title='bbox 193 1392 308 1460; x_wconf 90' lang='lat' dir='ltr'>nervis</span> <span class='ocrx_word' id='word_1_69' title='bbox 340 1389 504 1456; x_wconf 84' lang='lat' dir='ltr'>foliorum</span> <span class='ocrx_word' id='word_1_70' title='bbox 540 1388 732 1476; x_wconf 88' lang='lat' dir='ltr'>plantarum</span> <span class='ocrx_word' id='word_1_71' title='bbox 764 1384 1022 1476; x_wconf 83' lang='lat' dir='ltr'>perfectiorum3</span> <span class='ocrx_word' id='word_1_72' title='bbox 1054 1389 1188 1456; x_wconf 87' lang='lat' dir='ltr'>namsi</span> <span class='ocrx_word' id='word_1_73' title='bbox 1248 1406 1250 1410; x_wconf 83' lang='grc'><em>·</em></span> 
     </span>
     <span class='ocr_line' id='line_1_11' title="bbox 82 1493 1184 1586; baseline -0.009 -13"><span class='ocrx_word' id='word_1_74' title='bbox 82 1506 207 1573; x_wconf 80' lang='lat' dir='ltr'>lolium</span> <span class='ocrx_word' id='word_1_75' title='bbox 228 1527 248 1567; x_wconf 89' lang='lat' dir='ltr'>a</span> <span class='ocrx_word' id='word_1_76' title='bbox 271 1495 374 1564; x_wconf 89' lang='lat' dir='ltr'>nervi</span> <span class='ocrx_word' id='word_1_77' title='bbox 395 1499 501 1562; x_wconf 85' lang='lat' dir='ltr'>latere</span> <span class='ocrx_word' id='word_1_78' title='bbox 526 1493 739 1577; x_wconf 87' lang='lat' dir='ltr'>dissolvitur,</span> <span class='ocrx_word' id='word_1_79' title='bbox 771 1495 866 1583; x_wconf 92' lang='lat' dir='ltr'>quod</span> <span class='ocrx_word' id='word_1_80' title='bbox 887 1496 1126 1586; x_wconf 90' lang='lat' dir='ltr'>utplurimum</span> <span class='ocrx_word' id='word_1_81' title='bbox 1145 1496 1184 1563; x_wconf 89' lang='lat' dir='ltr'>in</span> 
     </span>
     <span class='ocr_line' id='line_1_12' title="bbox 84 1601 1182 1715; baseline -0.005 -38"><span class='ocrx_word' id='word_1_82' title='bbox 84 1610 215 1678; x_wconf 87' lang='lat' dir='ltr'>Muscis</span> <span class='ocrx_word' id='word_1_83' title='bbox 236 1605 401 1697; x_wconf 86' lang='lat' dir='ltr'>aquaticis</span> <span class='ocrx_word' id='word_1_84' title='bbox 423 1605 577 1684; x_wconf 87' lang='lat' dir='ltr'>obvium,</span> <span class='ocrx_word' id='word_1_85' title='bbox 603 1601 702 1715; x_wconf 69' lang='lat' dir='ltr'>nervi</span> <span class='ocrx_word' id='word_1_86' title='bbox 727 1603 898 1694; x_wconf 85' lang='lat' dir='ltr'>spinarum</span> <span class='ocrx_word' id='word_1_87' title='bbox 918 1603 1071 1670; x_wconf 89' lang='lat' dir='ltr'>instarin</span> <span class='ocrx_word' id='word_1_88' title='bbox 1085 1608 1182 1672; x_wconf 89' lang='lat' dir='ltr'>caule</span> 
     </span>
    </p>
   </div>
   <div class='ocr_carea' id='block_1_3' title="bbox 87 1709 1183 1914">
    <p class='ocr_par' dir='ltr' id='par_1_3' title="bbox 87 1709 1183 1914">
     <span class='ocr_line' id='line_1_13' title="bbox 87 1709 1183 1804; baseline -0.004 -20"><span class='ocrx_word' id='word_1_89' title='bbox 87 1731 279 1796; x_wconf 83' lang='lat' dir='ltr'>remanent,</span> <span class='ocrx_word' id='word_1_90' title='bbox 317 1729 351 1781; x_wconf 91' lang='lat' dir='ltr'>et</span> <span class='ocrx_word' id='word_1_91' title='bbox 383 1715 455 1780; x_wconf 86' lang='lat' dir='ltr'>hoc</span> <span class='ocrx_word' id='word_1_92' title='bbox 492 1712 529 1778; x_wconf 89' lang='lat' dir='ltr'>in</span> <span class='ocrx_word' id='word_1_93' title='bbox 561 1709 653 1779; x_wconf 87' lang='lat' dir='ltr'>foliis</span> <span class='ocrx_word' id='word_1_94' title='bbox 693 1713 905 1800; x_wconf 87' lang='lat' dir='ltr'>quarundam</span> <span class='ocrx_word' id='word_1_95' title='bbox 941 1713 1183 1804; x_wconf 81' lang='lat' dir='ltr'>perfectiorum</span> 
     </span>
     <span class='ocr_line' id='line_1_14' title="bbox 88 1819 753 1914; baseline -0.011 -23"><span class='ocrx_word' id='word_1_96' title='bbox 88 1847 225 1914; x_wconf 90' lang='lat' dir='ltr'>quoque</span> <span class='ocrx_word' id='word_1_97' title='bbox 245 1827 437 1914; x_wconf 88' lang='lat' dir='ltr'>plantarum</span> <span class='ocrx_word' id='word_1_98' title='bbox 465 1819 753 1888; x_wconf 88' lang='lat' dir='ltr'>animadvertitur.</span> 
     </span>
    </p>
   </div>
   <div class='ocr_carea' id='block_1_4' title="bbox 64 1995 1183 3719">
    <p class='ocr_par' dir='ltr' id='par_1_4' title="bbox 82 1995 1183 2959">
     <span class='ocr_line' id='line_1_15' title="bbox 167 1995 1182 2088; baseline -0.001 -23"><span class='ocrx_word' id='word_1_99' title='bbox 167 2000 363 2065; x_wconf 88' lang='lat' dir='ltr'>Muscorum</span> <span class='ocrx_word' id='word_1_100' title='bbox 396 2011 562 2063; x_wconf 81' lang='lat' dir='ltr'>structura</span> <span class='ocrx_word' id='word_1_101' title='bbox 590 1995 696 2085; x_wconf 86' lang='lat' dir='ltr'>igitur</span> <span class='ocrx_word' id='word_1_102' title='bbox 721 2020 816 2063; x_wconf 86' lang='lat' dir='ltr'>mere</span> <span class='ocrx_word' id='word_1_103' title='bbox 847 1999 1010 2065; x_wconf 88' lang='lat' dir='ltr'>cellulosa</span> <span class='ocrx_word' id='word_1_104' title='bbox 1033 1999 1182 2088; x_wconf 86' lang='lat' dir='ltr'>ideoque</span> 
     </span>
     <span class='ocr_line' id='line_1_16' title="bbox 84 2104 1183 2175; baseline -0.003 0"><span class='ocrx_word' id='word_1_105' title='bbox 84 2132 164 2175; x_wconf 90' lang='lat' dir='ltr'>cum</span> <span class='ocrx_word' id='word_1_106' title='bbox 177 2106 437 2175; x_wconf 75' lang='lat' dir='ltr'>formationibus</span> <span class='ocrx_word' id='word_1_107' title='bbox 453 2104 675 2172; x_wconf 81' lang='lat' dir='ltr'>inferioribus</span> <span class='ocrx_word' id='word_1_108' title='bbox 694 2106 872 2173; x_wconf 88' lang='lat' dir='ltr'>consentit.</span> <span class='ocrx_word' id='word_1_109' title='bbox 916 2108 1077 2172; x_wconf 86' lang='lat' dir='ltr'>Attamen</span> <span class='ocrx_word' id='word_1_110' title='bbox 1094 2130 1183 2174; x_wconf 87' lang='lat' dir='ltr'>con-</span> 
     </span>
     <span class='ocr_line' id='line_1_17' title="bbox 85 2213 1183 2304; baseline 0.001 -23"><span class='ocrx_word' id='word_1_111' title='bbox 85 2230 200 2282; x_wconf 86' lang='lat' dir='ltr'>textus</span> <span class='ocrx_word' id='word_1_112' title='bbox 239 2217 418 2282; x_wconf 88' lang='lat' dir='ltr'>cellulosus</span> <span class='ocrx_word' id='word_1_113' title='bbox 452 2213 703 2282; x_wconf 88' lang='lat' dir='ltr'>diversissimae</span> <span class='ocrx_word' id='word_1_114' title='bbox 748 2231 798 2280; x_wconf 89' lang='lat' dir='ltr'>est</span> <span class='ocrx_word' id='word_1_115' title='bbox 834 2229 1044 2288; x_wconf 78' lang='lat' dir='ltr'>structurae,</span> <span class='ocrx_word' id='word_1_116' title='bbox 1076 2216 1183 2304; x_wconf 87' lang='lat' dir='ltr'>igitur</span> 
     </span>
     <span class='ocr_line' id='line_1_18' title="bbox 87 2322 1182 2414; baseline 0.001 -24"><span class='ocrx_word' id='word_1_117' title='bbox 87 2348 120 2391; x_wconf 89' lang='lat' dir='ltr'>v.</span> <span class='ocrx_word' id='word_1_118' title='bbox 145 2349 172 2390; x_wconf 91' lang='lat' dir='ltr'>c.</span> <span class='ocrx_word' id='word_1_119' title='bbox 193 2324 230 2389; x_wconf 92' lang='lat' dir='ltr'>in</span> <span class='ocrx_word' id='word_1_120' title='bbox 250 2348 375 2414; x_wconf 87' lang='lat' dir='ltr'>genere</span> <span class='ocrx_word' id='word_1_121' title='bbox 396 2326 555 2412; x_wconf 77' lang='lat' dir='ltr'>Sphagni</span> <span class='ocrx_word' id='word_1_122' title='bbox 576 2325 645 2388; x_wconf 90' lang='lat' dir='ltr'>has·</span> <span class='ocrx_word' id='word_1_123' title='bbox 659 2324 798 2391; x_wconf 84' lang='lat' dir='ltr'>cellulas</span> <span class='ocrx_word' id='word_1_124' title='bbox 818 2322 1081 2391; x_wconf 87' lang='lat' dir='ltr'>utriculiformes</span> <span class='ocrx_word' id='word_1_125' title='bbox 1105 2325 1182 2391; x_wconf 91' lang='lat' dir='ltr'>fieri</span> 
     </span>
     <span class='ocr_line' id='line_1_19' title="bbox 83 2432 1182 2523; baseline 0 -23"><span class='ocrx_word' id='word_1_126' title='bbox 83 2432 240 2500; x_wconf 86' lang='lat' dir='ltr'>videmus</span> <span class='ocrx_word' id='word_1_127' title='bbox 276 2448 376 2523; x_wconf 89' lang='lat' dir='ltr'>atque</span> <span class='ocrx_word' id='word_1_128' title='bbox 408 2433 502 2498; x_wconf 91' lang='lat' dir='ltr'>fibris</span> <span class='ocrx_word' id='word_1_129' title='bbox 535 2432 716 2522; x_wconf 88' lang='lat' dir='ltr'>spiralibus</span> <span class='ocrx_word' id='word_1_130' title='bbox 746 2437 917 2515; x_wconf 84' lang='lat' dir='ltr'>trajectas,</span> <span class='ocrx_word' id='word_1_131' title='bbox 949 2459 1017 2522; x_wconf 88' lang='lat' dir='ltr'>qua</span> <span class='ocrx_word' id='word_1_132' title='bbox 1044 2459 1083 2500; x_wconf 92' lang='lat' dir='ltr'>re</span> <span class='ocrx_word' id='word_1_133' title='bbox 1114 2440 1182 2516; x_wconf 89' lang='lat' dir='ltr'>jam</span> 
     </span>
     <span class='ocr_line' id='line_1_20' title="bbox 82 2539 1182 2634; baseline 0 -24"><span class='ocrx_word' id='word_1_134' title='bbox 82 2567 203 2611; x_wconf 87' lang='lat' dir='ltr'>vasum</span> <span class='ocrx_word' id='word_1_135' title='bbox 230 2542 408 2634; x_wconf 87' lang='lat' dir='ltr'>spiralium</span> <span class='ocrx_word' id='word_1_136' title='bbox 432 2545 622 2633; x_wconf 90' lang='lat' dir='ltr'>plantarum</span> <span class='ocrx_word' id='word_1_137' title='bbox 641 2539 881 2630; x_wconf 81' lang='lat' dir='ltr'>perfectiorum</span> <span class='ocrx_word' id='word_1_138' title='bbox 897 2542 1092 2632; x_wconf 82' lang='lat' dir='ltr'>indigitatio</span> <span class='ocrx_word' id='word_1_139' title='bbox 1114 2545 1182 2610; x_wconf 84' lang='lat' dir='ltr'>ob-</span> 
     </span>
     <span class='ocr_line' id='line_1_21' title="bbox 87 2649 1181 2742; baseline 0.003 -25"><span class='ocrx_word' id='word_1_140' title='bbox 87 2655 164 2718; x_wconf 88' lang='lat' dir='ltr'>lata.</span> <span class='ocrx_word' id='word_1_141' title='bbox 220 2652 415 2717; x_wconf 86' lang='lat' dir='ltr'>Muscorum</span> <span class='ocrx_word' id='word_1_142' title='bbox 436 2649 520 2717; x_wconf 86' lang='lat' dir='ltr'>folia</span> <span class='ocrx_word' id='word_1_143' title='bbox 540 2675 661 2716; x_wconf 91' lang='lat' dir='ltr'>verum</span> <span class='ocrx_word' id='word_1_144' title='bbox 689 2651 790 2715; x_wconf 86' lang='lat' dir='ltr'>etiam</span> <span class='ocrx_word' id='word_1_145' title='bbox 812 2674 855 2724; x_wconf 86' lang='lat' dir='ltr'>eo</span> <span class='ocrx_word' id='word_1_146' title='bbox 881 2653 924 2717; x_wconf 89' lang='lat' dir='ltr'>ab</span> <span class='ocrx_word' id='word_1_147' title='bbox 942 2652 1082 2740; x_wconf 89' lang='lat' dir='ltr'>illorum</span> <span class='ocrx_word' id='word_1_148' title='bbox 1097 2679 1181 2742; x_wconf 56' lang='lat' dir='ltr'>pen</span> 
     </span>
     <span class='ocr_line' id='line_1_22' title="bbox 87 2757 1180 2849; baseline 0.003 -25"><span class='ocrx_word' id='word_1_149' title='bbox 87 2758 230 2827; x_wconf 75' lang='lat' dir='ltr'>lectiore</span> <span class='ocrx_word' id='word_1_150' title='bbox 258 2774 425 2827; x_wconf 88' lang='lat' dir='ltr'>structura</span> <span class='ocrx_word' id='word_1_151' title='bbox 445 2758 628 2838; x_wconf 90' lang='lat' dir='ltr'>recedunt,</span> <span class='ocrx_word' id='word_1_152' title='bbox 663 2759 758 2844; x_wconf 92' lang='lat' dir='ltr'>quod</span> <span class='ocrx_word' id='word_1_153' title='bbox 779 2757 829 2822; x_wconf 91' lang='lat' dir='ltr'>eis</span> <span class='ocrx_word' id='word_1_154' title='bbox 854 2758 1036 2846; x_wconf 88' lang='lat' dir='ltr'>epidermis</span> <span class='ocrx_word' id='word_1_155' title='bbox 1055 2782 1180 2849; x_wconf 87' lang='lat' dir='ltr'>porosa</span> 
     </span>
     <span class='ocr_line' id='line_1_23' title="bbox 86 2865 1179 2959; baseline 0.002 -26"><span class='ocrx_word' id='word_1_156' title='bbox 86 2890 157 2935; x_wconf 91' lang='lat' dir='ltr'>non</span> <span class='ocrx_word' id='word_1_157' title='bbox 193 2884 242 2934; x_wconf 93' lang='lat' dir='ltr'>est</span> <span class='ocrx_word' id='word_1_158' title='bbox 273 2884 307 2935; x_wconf 89' lang='lat' dir='ltr'>et</span> <span class='ocrx_word' id='word_1_159' title='bbox 331 2867 439 2959; x_wconf 87' lang='lat' dir='ltr'>ipsius</span> <span class='ocrx_word' id='word_1_160' title='bbox 471 2868 575 2934; x_wconf 90' lang='lat' dir='ltr'>caulis</span> <span class='ocrx_word' id='word_1_161' title='bbox 607 2880 745 2932; x_wconf 86' lang='lat' dir='ltr'>stratum</span> <span class='ocrx_word' id='word_1_162' title='bbox 775 2865 978 2956; x_wconf 90' lang='lat' dir='ltr'>epidermidi</span> <span class='ocrx_word' id='word_1_163' title='bbox 999 2872 1179 2958; x_wconf 88' lang='lat' dir='ltr'>analogum</span> 
     </span>
    </p>

    <p class='ocr_par' dir='ltr' id='par_1_5' title="bbox 64 2972 1179 3719">
     <span class='ocr_line' id='line_1_24' title="bbox 64 2972 1179 3065; baseline 0.003 -23"><span class='ocrx_word' id='word_1_164' title='bbox 64 2995 67 3005; x_wconf 91' lang='lat'><em>·</em></span> <span class='ocrx_word' id='word_1_165' title='bbox 85 3001 105 3042; x_wconf 93' lang='lat' dir='ltr'>e</span> <span class='ocrx_word' id='word_1_166' title='bbox 127 2977 210 3044; x_wconf 89' lang='lat' dir='ltr'>solis</span> <span class='ocrx_word' id='word_1_167' title='bbox 230 2978 323 3043; x_wconf 89' lang='lat' dir='ltr'>fibris</span> <span class='ocrx_word' id='word_1_168' title='bbox 347 2976 517 3044; x_wconf 88' lang='lat' dir='ltr'>cellulosis</span> <span class='ocrx_word' id='word_1_169' title='bbox 542 2972 792 3065; x_wconf 85' lang='lat' dir='ltr'>augustioribus</span> <span class='ocrx_word' id='word_1_170' title='bbox 815 2988 848 3039; x_wconf 92' lang='lat' dir='ltr'>et</span> <span class='ocrx_word' id='word_1_171' title='bbox 869 2976 1068 3063; x_wconf 86' lang='lat' dir='ltr'>compressis</span> <span class='ocrx_word' id='word_1_172' title='bbox 1091 2984 1179 3044; x_wconf 80' lang='lat' dir='ltr'>c&#39;on-</span> 
     </span>
     <span class='ocr_line' id='line_1_25' title="bbox 83 3074 1179 3154; baseline 0.005 -4"><span class='ocrx_word' id='word_1_173' title='bbox 83 3099 159 3150; x_wconf 81' lang='lat' dir='ltr'>stat.</span> <span class='ocrx_word' id='word_1_174' title='bbox 213 3084 283 3152; x_wconf 88' lang='lat' dir='ltr'>Sed</span> <span class='ocrx_word' id='word_1_175' title='bbox 302 3085 392 3151; x_wconf 89' lang='lat' dir='ltr'>inter</span> <span class='ocrx_word' id='word_1_176' title='bbox 413 3087 611 3151; x_wconf 86' lang='lat' dir='ltr'>cellularum</span> <span class='ocrx_word' id='word_1_177' title='bbox 636 3097 737 3148; x_wconf 88' lang='lat' dir='ltr'>strata</span> <span class='ocrx_word' id='word_1_178' title='bbox 760 3074 897 3150; x_wconf 89' lang='lat' dir='ltr'>utriculi</span> <span class='ocrx_word' id='word_1_179' title='bbox 919 3086 1037 3152; x_wconf 86' lang='lat' dir='ltr'>inanes</span> <span class='ocrx_word' id='word_1_180' title='bbox 1058 3112 1097 3154; x_wconf 89' lang='lat' dir='ltr'>ac</span> <span class='ocrx_word' id='word_1_181' title='bbox 1123 3092 1179 3154; x_wconf 89' lang='lat' dir='ltr'>la-</span> 
     </span>
     <span class='ocr_line' id='line_1_26' title="bbox 89 3192 1178 3284; baseline 0.005 -26"><span class='ocrx_word' id='word_1_182' title='bbox 89 3215 194 3260; x_wconf 90' lang='lat' dir='ltr'>cunae</span> <span class='ocrx_word' id='word_1_183' title='bbox 217 3195 394 3276; x_wconf 91' lang='lat' dir='ltr'>oriuntur,</span> <span class='ocrx_word' id='word_1_184' title='bbox 415 3194 452 3260; x_wconf 91' lang='lat' dir='ltr'>in</span> <span class='ocrx_word' id='word_1_185' title='bbox 472 3220 573 3284; x_wconf 88' lang='lat' dir='ltr'>quas,</span> <span class='ocrx_word' id='word_1_186' title='bbox 595 3196 659 3263; x_wconf 88' lang='lat' dir='ltr'>etsi</span> <span class='ocrx_word' id='word_1_187' title='bbox 692 3194 801 3262; x_wconf 87' lang='lat' dir='ltr'>Musei</span> <span class='ocrx_word' id='word_1_188' title='bbox 822 3192 883 3260; x_wconf 91' lang='lat' dir='ltr'>diu</span> <span class='ocrx_word' id='word_1_189' title='bbox 912 3195 1076 3263; x_wconf 85' lang='lat' dir='ltr'>exsiccati</span> <span class='ocrx_word' id='word_1_190' title='bbox 1102 3199 1178 3279; x_wconf 87' lang='lat' dir='ltr'>sint,</span> 
     </span>
     <span class='ocr_line' id='line_1_27' title="bbox 89 3301 1178 3391; baseline 0.005 -24"><span class='ocrx_word' id='word_1_191' title='bbox 89 3323 187 3367; x_wconf 89' lang='lat' dir='ltr'>omne</span> <span class='ocrx_word' id='word_1_192' title='bbox 216 3301 386 3391; x_wconf 90' lang='lat' dir='ltr'>liquidum</span> <span class='ocrx_word' id='word_1_193' title='bbox 412 3303 552 3372; x_wconf 88' lang='lat' dir='ltr'>invadit.</span> <span class='ocrx_word' id='word_1_194' title='bbox 605 3305 676 3372; x_wconf 88' lang='lat' dir='ltr'>Hac</span> <span class='ocrx_word' id='word_1_195' title='bbox 714 3306 761 3371; x_wconf 44' lang='lat' dir='ltr'>de*</span> <span class='ocrx_word' id='word_1_196' title='bbox 790 3327 891 3372; x_wconf 87' lang='lat' dir='ltr'>causa</span> <span class='ocrx_word' id='word_1_197' title='bbox 925 3305 1048 3387; x_wconf 86' lang='lat' dir='ltr'>Musei,</span> <span class='ocrx_word' id='word_1_198' title='bbox 1078 3308 1178 3372; x_wconf 89' lang='lat' dir='ltr'>sicuti</span> 
     </span>
     <span class='ocr_line' id='line_1_28' title="bbox 89 3407 1177 3502; baseline 0.003 -26"><span class='ocrx_word' id='word_1_199' title='bbox 89 3407 278 3479; x_wconf 83' lang='lat' dir='ltr'>Conservae</span> <span class='ocrx_word' id='word_1_200' title='bbox 310 3411 462 3501; x_wconf 85' lang='lat' dir='ltr'>aliaeque</span> <span class='ocrx_word' id='word_1_201' title='bbox 500 3412 627 3502; x_wconf 87' lang='lat' dir='ltr'>Algae,</span> <span class='ocrx_word' id='word_1_202' title='bbox 664 3415 744 3480; x_wconf 91' lang='lat' dir='ltr'>licet</span> <span class='ocrx_word' id='word_1_203' title='bbox 772 3413 979 3480; x_wconf 82' lang='lat' dir='ltr'>exsiccando</span> <span class='ocrx_word' id='word_1_204' title='bbox 1011 3416 1177 3497; x_wconf 88' lang='lat' dir='ltr'>emortui,</span> 
     </span>
     <span class='ocr_line' id='line_1_29' title="bbox 82 3521 1177 3610; baseline 0.004 -26"><span class='ocrx_word' id='word_1_205' title='bbox 82 3533 208 3602; x_wconf 85' lang='lat' dir='ltr'>tamen,</span> <span class='ocrx_word' id='word_1_206' title='bbox 242 3521 444 3609; x_wconf 88' lang='lat' dir='ltr'>simulatque</span> <span class='ocrx_word' id='word_1_207' title='bbox 456 3521 680 3587; x_wconf 89' lang='lat' dir='ltr'>immittuntur</span> <span class='ocrx_word' id='word_1_208' title='bbox 704 3546 819 3610; x_wconf 90' lang='lat' dir='ltr'>aquae,</span> <span class='ocrx_word' id='word_1_209' title='bbox 841 3522 990 3589; x_wconf 88' lang='lat' dir='ltr'>redivivi</span> <span class='ocrx_word' id='word_1_210' title='bbox 1008 3523 1177 3605; x_wconf 90' lang='lat' dir='ltr'>videntur,</span> 
     </span>
     <span class='ocr_line' id='line_1_30' title="bbox 82 3628 904 3719; baseline 0.001 -24"><span class='ocrx_word' id='word_1_211' title='bbox 82 3653 162 3695; x_wconf 91' lang='lat' dir='ltr'>cum</span> <span class='ocrx_word' id='word_1_212' title='bbox 185 3628 224 3695; x_wconf 94' lang='lat' dir='ltr'>in</span> <span class='ocrx_word' id='word_1_213' title='bbox 247 3654 286 3696; x_wconf 90' lang='lat' dir='ltr'>ea</span> <span class='ocrx_word' id='word_1_214' title='bbox 305 3629 450 3697; x_wconf 85' lang='lat' dir='ltr'>formam</span> <span class='ocrx_word' id='word_1_215' title='bbox 472 3644 641 3696; x_wconf 91' lang='lat' dir='ltr'>recentem</span> <span class='ocrx_word' id='word_1_216' title='bbox 662 3630 904 3719; x_wconf 86' lang='lat' dir='ltr'>redintegrent.</span> 
     </span>
    </p>
   </div>
   <div class='ocr_carea' id='block_1_5' title="bbox 568 3849 685 3931">
    <p class='ocr_par' dir='ltr' id='par_1_6' title="bbox 568 3849 685 3931">
     <span class='ocr_line' id='line_1_31' title="bbox 568 3849 685 3931; baseline -0.017 -19"><span class='ocrx_word' id='word_1_217' title='bbox 568 3852 591 3931; x_wconf 63' lang='lat' dir='ltr'>a.</span> <span class='ocrx_word' id='word_1_218' title='bbox 634 3849 685 3912; x_wconf 82' lang='lat'>41.</span> 
     </span>
    </p>
   </div>
   <div class='ocr_carea' id='block_1_6' title="bbox 80 3980 1176 4180">
    <p class='ocr_par' dir='ltr' id='par_1_7' title="bbox 80 3980 1176 4180">
     <span class='ocr_line' id='line_1_32' title="bbox 166 3980 1176 4071; baseline 0 -21"><span class='ocrx_word' id='word_1_219' title='bbox 166 3982 270 4069; x_wconf 81' lang='lat' dir='ltr'>Quod</span> <span class='ocrx_word' id='word_1_220' title='bbox 299 3983 343 4048; x_wconf 87' lang='lat' dir='ltr'>ad</span> <span class='ocrx_word' id='word_1_221' title='bbox 370 3983 561 4071; x_wconf 84' lang='lat' dir='ltr'>generalem</span> <span class='ocrx_word' id='word_1_222' title='bbox 592 3996 766 4046; x_wconf 86' lang='lat' dir='ltr'>externam</span> <span class='ocrx_word' id='word_1_223' title='bbox 802 3980 964 4047; x_wconf 86' lang='lat' dir='ltr'>foliorum</span> <span class='ocrx_word' id='word_1_224' title='bbox 994 3980 1176 4052; x_wconf 86' lang='lat' dir='ltr'>formatio-</span> 
     </span>
     <span class='ocr_line' id='line_1_33' title="bbox 80 4089 1173 4180; baseline 0.003 -25"><span class='ocrx_word' id='word_1_225' title='bbox 80 4113 160 4159; x_wconf 88' lang='lat' dir='ltr'>nem</span> <span class='ocrx_word' id='word_1_226' title='bbox 183 4092 318 4174; x_wconf 87' lang='lat' dir='ltr'>attinet,</span> <span class='ocrx_word' id='word_1_227' title='bbox 340 4092 501 4158; x_wconf 86' lang='lat' dir='ltr'>nonnulla</span> <span class='ocrx_word' id='word_1_228' title='bbox 518 4091 712 4158; x_wconf 83' lang='lat' dir='ltr'>lluscorum</span> <span class='ocrx_word' id='word_1_229' title='bbox 730 4111 855 4180; x_wconf 85' lang='lat' dir='ltr'>genera</span> <span class='ocrx_word' id='word_1_230' title='bbox 877 4104 910 4156; x_wconf 90' lang='lat' dir='ltr'>et</span> <span class='ocrx_word' id='word_1_231' title='bbox 928 4089 1058 4179; x_wconf 86' lang='lat' dir='ltr'>species</span> <span class='ocrx_word' id='word_1_232' title='bbox 1080 4096 1126 4178; x_wconf 84' lang='lat' dir='ltr'>(v.</span> <span class='ocrx_word' id='word_1_233' title='bbox 1145 4117 1173 4158; x_wconf 89' lang='lat' dir='ltr'>c.</span> 
     </span>
    </p>
   </div>
   <div class='ocr_carea' id='block_1_7' title="bbox 0 0 1376 4718">
    <p class='ocr_par' dir='ltr' id='par_1_8' title="bbox 0 0 1376 4718">
     <span class='ocr_line' id='line_1_34' title="bbox 0 0 1376 4718; baseline 0 1"><span class='ocrx_word' id='word_1_234' title='bbox 0 0 1376 4718; x_wconf 95' lang='lat' dir='ltr'> </span> 
     </span>
    </p>
   </div>
  </div>
 </body>
</html>
