2744 4718
707 299 805 418 ..ὃ-(Ξ

214 504 272 568 vel
297 500 452 568 utriculis
482 501 605 590 apertis
624 503 754 567 inclusa
781 499 814 567 ei
836 500 995 566 insident.
1038 498 1097 565 Ab
1119 500 1188 564 hac
1205 500 1311 588 igitur

217 609 338 675 fronde
362 610 633 691 membranacea,
667 612 861 699 explanata,
892 609 1050 675 laciniata
1069 609 1312 699 Hepaticarum

216 717 443 783 conformatio
465 719 508 782 ad
529 720 641 783 caules
662 716 755 784 foliis
776 716 929 783 distichis
952 720 1141 801 evolvitur,
1164 718 1222 807 qui
1244 722 1312 798 jam

216 825 368 891 caulibus
392 826 553 916 loliisque
579 830 823 893 nonnullorum
847 827 1044 894 Muscorum
1073 830 1118 912 (r.
1147 849 1176 891 c.
1209 828 1312 899 Sobi-

133 948 141 965 ·
216 949 399 1022 stostegue,
427 937 640 1017 Fissideutis,
674 938 846 1002 Neokeroe
873 939 950 1021 etc.)
973 932 1182 1024 persimiles,
1219 958 1312 1024 quo-

216 1026 401 1125 dammodo
420 1041 561 1109 frondes
586 1044 802 1134 pinnatifidas
828 1042 973 1109 Filicum
986 1057 1020 1108 et.
1037 1041 1111 1133 ipsa
1124 1043 1209 1112 folia
1228 1045 1312 1134 pin·
1354 1060 1357 1068 '

214 1165 293 1222 nata
309 1149 550 1240 perfectiorum
566 1153 757 1241 plantarum
772 1153 1010 1242 praefigurant.
1054 1150 1148 1236 Quin
1167 1155 1313 1239 Mniop-

215 1262 261 1323 sis
284 1263 547 1349 scaturiginum,
569 1263 685 1351 planta
699 1283 791 1328 nova
809 1263 985 1352 Najudum
1004 1254 1148 1351 Sprcug.
1162 1259 1312 1327 familiae

217 1369 477 1450 adnumeranda,
491 1393 593 1458 quam
612 1369 698 1436 Clar.
712 1369 756 1435 de
769 1369 910 1435 Martius
925 1370 963 1435 in
976 1369 1118 1435 Brasilia
1129 1369 1312 1456 invenit*),

217 1478 357 1543 omnino
381 1475 535 1543 habitum
555 1477 650 1568 gerit,
669 1477 843 1559 cujusdam
873 1478 1170 1568 Jnngerrnanniae3
1192 1481 1278 1544 rami
1293 1503 1313 1544 a

216 1601 313 1674 tergo
329 1584 391 1652 vel
409 1587 541 1676 stipulis
564 1586 807 1678 amphigastria
824 1584 1059 1653 simulantibus
1077 1602 1154 1654 sunt
1172 1590 1314 1655 obsessi.

218 1693 345 1761 Ovaria
381 1696 523 1782 globosa
557 1718 634 1760 cum
668 1698 744 1761 solo
775 1695 916 1760 stamine
946 1694 1061 1760 insunt
1094 1697 1131 1760 in
1165 1698 1312 1764 utriculo

216 1802 492 1880 membranaceo,
517 1800 617 1864 sicuti
634 1823 673 1864 ea
692 1801 712 1866 J
715 1801 1046 1887 ungermanniarum,
1067 1816 1100 1864 et
1116 1817 1194 1888 post
1207 1803 1311 1868 flores

219 1908 371 1977 evanitos
401 1908 572 2000 capsulae
588 1907 625 1971 in
644 1906 823 1995 pedicellis
846 1905 1047 1986 ascendunt,
1070 1928 1138 1994 quo
1169 1931 1311 1973 ascensu

219 2018 392 2084 aniculus·
413 2013 596 2102 rumpitur,
632 2025 665 2077 et
694 2026 731 2077 ut
757 2011 917 2102 vaginula
948 2013 992 2077 ad
1025 2012 1122 2078 basin
1148 2028 1313 2079 remanet.

220 2127 364 2216 Capsula
397 2124 632 2213 polysperma,
676 2119 917 2210 dissepimento
949 2120 1126 2202 instructa,
1159 2121 1197 2185 in
1227 2122 1313 2186 duas

218 2236 372 2302 valvulas
390 2231 544 2313 dehiscit,
567 2254 708 2320 quarum
727 2232 840 2310 altera,
861 2227 1033 2318 pedicello
1056 2242 1209 2308 connata,
1230 2253 1316 2319 per-⁴·

220 2341 322 2422 sistit,
354 2343 460 2406 altera
486 2364 568 2408 vero
600 2337 738 2406 decidit.
784 2337 919 2418 Multos,
937 2336 1132 2417 hujusmodi
1154 2337 1313 2403 transitus

220 2466 255 2517 et
274 2449 471 2540 analogias,
503 2472 647 2538 quorum
674 2445 840 2512 revelatio
869 2460 1016 2545 systema
1043 2448 1195 2511 naturale
1226 2468 1311 2512 con-

220 2561 347 2627 stituris
371 2557 548 2649 permagni
574 2568 661 2622 esset
681 2553 858 2653 momenti,
886 2575 949 2620 nos
972 2555 1082 2620 adhuc
1103 2558 1223 2637 latere,
1243 2577 1313 2621 non

221 2683 287 2746 est,
311 2668 404 2757 quod
426 2665 628 2732 dubitemus.
655 2699 697 2714 -
720 2648 838 2726 'Etiam
868 2665 1009 2730 Lucidis
1027 2661 1178 2743 fumidis
1200 2666 1312 2728 Mart.

188 2796 189 2801 ’
222 2802 324 2868 supra
334 2773 511 2843 memorati
524 2773 626 2840 flores
641 2769 839 2859 evaginulis
850 2773 1066 2861 proveniunt,
1076 2797 1163 2861 quae
1173 2772 1210 2836 in
1223 2770 1317 2836 axil-

222 2887 264 2953 lis
289 2909 461 2953 ramorum
488 2881 593 2950 caulis
613 2879 747 2947 frondis
768 2877 874 2944 instar
901 2880 1017 2960 divisi,
1058 2881 1130 2947 sive
1152 2880 1317 2947 foliorum

222 3017 406 3062 nervorum
431 2992 561 3080 angulis
586 2990 758 3070 criuntur,
782 3003 849 3076 qua
866 3013 904 3065 re
917 2990 981 3054 ista
996 3004 1029 3057 et
1042 2989 1215 3080 Hepaticis
1231 3015 1318 3055 ana-

224 3108 321 3194 loga,
345 3101 511 3189 Lacisqhe
536 3098 661 3165 florens
689 3097 790 3165 etiam
824 3113 963 3188 propter
988 3098 1136 3166 viridem
1163 3101 1318 3166 colorem

226 3236 302 3278 cum
313 3210 332 3278 J
334 3207 575 3300 ungermannia
587 3205 750 3274 frondosa
764 3206 952 3297 comparari
966 3220 1095 3298 potest,
1115 3220 1191 3271 sunt
1205 3220 1319 3271 autem

226 3320 260 3386 ei
281 3319 383 3387 flores
399 3314 561 3382 tetrandri
583 3330 615 3380 et
630 3319 766 3406 capsula
784 3319 1012 3408 polysperma,
1029 3315 1185 3398 bivalvis,
1207 3312 1318 3405 stylis,

224 3429 286 3517 qui
309 3428 346 3494 in
365 3425 516 3515 Mniopsi
543 3423 697 3509 decidui,
717 3420 984 3516 persistentibus.

674 3619 736 3702 t.
780 3618 830 3684 33.

292 3752 495 3844 ‘Hepaticae
518 3749 654 3841 longius
676 3751 718 3816 ab
747 3746 1034 3838 Homallophyllis
1047 3748 1217 3856 ¹recedunt
1235 3770 1321 3836 cap-

229 3865 302 3929 sula
328 3859 437 3929 valvis
467 3860 681 3944 dehiscente,
714 3858 752 3926 in
777 3856 1038 3950 perlectioribus
1062 3857 1265 3949 pedicellata
1287 3867 1322 3922 et

298 4083 326 4149 *)
345 4079 480 4152 Martius,
498 4073 516 4127 l.
536 4091 560 4129 c.
578 4073 645 4128 Tul).
663 4071 685 4127 l.
