2744 4718
356 1327 1008 1438 INTRODUCTIO.

634 1863 657 1941 u
702 1861 733 1924 1.

136 1998 400 2109 Formationes‚
435 2049 518 2116 quas
550 2047 659 2115 regno
692 2024 879 2115 vegetabili
911 2023 1156 2105 adscribimus,
1188 2049 1232 2091 ex

135 2137 308 2207 elementis
333 2150 488 2203 constant
505 2135 598 2201 haud
619 2132 725 2200 dubio
746 2133 888 2218 iisdem,
911 2135 973 2200 sed
989 2133 1085 2202 varia
1099 2132 1231 2201 ratione

135 2249 222 2314 inter
244 2271 280 2313 se
303 2244 507 2326 conjunctis,
532 2268 551 2308 e
575 2266 642 2332 qua
662 2258 778 2309 mutua
798 2247 1044 2311 elementorum
1066 2245 1232 2310 relatione

136 2356 332 2422 innumerae
353 2354 543 2421 formarum
569 2351 750 2425 varietates
770 2353 942 2436 oriuntur,
970 2377 1054 2442 quas
1077 2351 1233 2417 distincte

135 2463 273 2531 nomine
289 2467 477 2551 specierum
494 2484 739 2549 generumque,
765 2465 922 2530 ordinum
940 2478 974 2528 et
991 2464 1150 2529 classium
1168 2461 1234 2524 de-

136 2574 367 2638 terminamus.
415 2569 691 2660 Quotiescunque
733 2573 824 2639 enim
858 2574 1012 2661 singulae
1044 2573 1232 2635 elemento-

140 2704 217 2744 rum
243 2678 415 2768 portiones
440 2679 527 2746 inter
556 2704 592 2746 se
623 2696 794 2748 mutantur
822 2697 893 2761 aut,
919 2680 1012 2769 quod
1040 2676 1132 2744 idem
1160 2677 1233 2744 sere

141 2788 207 2853 sibi
217 2790 301 2869 vult,
315 2788 513 2878 simulatque
523 2788 662 2878 aliquod
671 2793 877 2865 *elementum
884 2788 973 2852 inter
986 2787 1118 2874 reliqua
1129 2811 1235 2874 prae-

137 2897 325 2986 ponderat,
352 2896 417 2962 alia
442 2898 592 2964 nascitur
611 2898 787 2978 formatio,
812 2912 849 2962 ut
868 2901 937 2990 jam
958 2892 1098 2962 Chemia
1116 2897 1232 2974 docet,

138 3029 226 3093 quae
246 3019 363 3071 nostra
385 3021 509 3087 aetate,
536 3006 684 3087 ratione,
711 3031 777 3095 qua
793 3009 955 3072 elementa
972 3003 1009 3070 in
1029 3003 1232 3095 corporibus

101 3100 103 3107 ,
139 3112 423 3202 decompositioni
444 3114 579 3182 idoneis
597 3113 709 3180 mixta
722 3129 813 3193 sunt,
835 3128 979 3203 reperta,
998 3128 1138 3180 naturae
1151 3138 1232 3204 spe-

141 3221 345 3288 culatoribus
367 3225 514 3313 amplum
533 3223 672 3289 reclusit
694 3247 867 3312 campum,
892 3237 992 3312 atque
1016 3224 1231 3289 demonstra-

139 3328 209 3409 vit,
236 3329 407 3396 minimam
426 3333 647 3398 mutationem
672 3344 806 3396 mutuae
825 3335 1069 3399 elementorum
1085 3331 1232 3397 relatio-

137 3435 192 3503 nis
213 3439 351 3505 omnino
372 3440 546 3506 diversum
562 3440 755 3531 producere
776 3461 915 3528 corpus,
942 3465 1029 3529 quae
1047 3464 1103 3506 res
1118 3438 1232 3530 inpri-

136 3546 201 3612 mis
224 3550 262 3615 in
278 3569 386 3637 regno
406 3562 545 3614 naturae
566 3548 728 3638 organico
753 3548 864 3614 obvia.
906 3546 1048 3629 Eodem,
1073 3569 1141 3636 quo
1157 3551 1232 3614 ele-

136 3671 251 3723 menta
270 3679 334 3747 pro
353 3655 512 3747 portione
532 3655 629 3724 varie
647 3660 905 3744 conjunguntur,
920 3655 1076 3724 diversae
1095 3679 1231 3745 quoque

136 3764 358 3854 proferuntur
386 3762 608 3831 lormationes
631 3778 665 3829 et
686 3779 790 3854 prout
816 3761 909 3830 illius
933 3764 1165 3855 proportionis
1193 3766 1233 3832 fit

139 3875 338 3963 paululatim
364 3871 525 3951 mutatio,
555 3869 604 3940 ita
634 3873 822 3940 formarum
851 3871 1064 3940 diversitates
1095 3873 1232 3941 nonnisi

139 3981 269 4049 sensim·
290 3998 325 4051 et
348 3979 541 4071 saepissime
561 3996 632 4047 tum
657 3985 792 4049 demum
819 3979 1021 4072 conspicuae
1048 3996 1134 4064 sunt,
1155 4007 1232 4050 cum

140 4114 199 4158 eas
226 4090 271 4157 ad
293 4090 449 4159 altiorem
468 4092 699 4161 evolutionem
713 4111 908 4179 progressas
922 4088 1231 4161 animadvertimus.

985 4205 1005 4276 1
