<?xml version="1.0" encoding="UTF-8"?>
<!DOCTYPE html PUBLIC "-//W3C//DTD XHTML 1.0 Transitional//EN"
    "http://www.w3.org/TR/xhtml1/DTD/xhtml1-transitional.dtd">
<html xmlns="http://www.w3.org/1999/xhtml" xml:lang="en" lang="en">
 <head>
  <title>
</title>
<meta http-equiv="Content-Type" content="text/html;charset=utf-8" />
  <meta name='ocr-system' content='tesseract 3.04.00' />
  <meta name='ocr-capabilities' content='ocr_page ocr_carea ocr_par ocr_line ocrx_word'/>
</head>
<body>
  <div class='ocr_page' id='page_1' title='image "./deplantarumprae00biscgoog_0041.png"; bbox 0 0 2744 4718; ppageno 0'>
   <div class='ocr_carea' id='block_1_1' title="bbox 140 616 1307 3749">
    <p class='ocr_par' dir='ltr' id='par_1_1' title="bbox 140 616 1307 3749">
     <span class='ocr_line' id='line_1_1' title="bbox 232 616 1295 715; baseline 0.009 -32"><span class='ocrx_word' id='word_1_1' title='bbox 232 645 255 658; x_wconf 21' lang='grc' dir='ltr'>’Δ</span> <span class='ocrx_word' id='word_1_2' title='bbox 281 616 469 685; x_wconf 80' lang='lat' dir='ltr'>Gonaturus</span> <span class='ocrx_word' id='word_1_3' title='bbox 494 644 584 685; x_wconf 91' lang='lat' dir='ltr'>nunc</span> <span class='ocrx_word' id='word_1_4' title='bbox 606 643 821 710; x_wconf 87' lang='lat' dir='ltr'>progressum</span> <span class='ocrx_word' id='word_1_5' title='bbox 843 623 1083 713; x_wconf 85' lang='lat' dir='ltr'>Hepaticarum</span> <span class='ocrx_word' id='word_1_6' title='bbox 1104 649 1174 715; x_wconf 72' lang='lat' dir='ltr'>,per</span> <span class='ocrx_word' id='word_1_7' title='bbox 1195 627 1295 693; x_wconf 62' lang='lat' dir='ltr'>Mus-¹</span> 
     </span>
     <span class='ocr_line' id='line_1_2' title="bbox 199 727 1295 826; baseline 0.009 -35"><span class='ocrx_word' id='word_1_8' title='bbox 199 747 315 826; x_wconf 84' lang='lat' dir='ltr'>corum</span> <span class='ocrx_word' id='word_1_9' title='bbox 335 727 461 793; x_wconf 88' lang='lat' dir='ltr'>formas</span> <span class='ocrx_word' id='word_1_10' title='bbox 481 728 523 792; x_wconf 88' lang='lat' dir='ltr'>ad</span> <span class='ocrx_word' id='word_1_11' title='bbox 540 731 633 794; x_wconf 88' lang='lat' dir='ltr'>leves</span> <span class='ocrx_word' id='word_1_12' title='bbox 659 730 816 797; x_wconf 90' lang='lat' dir='ltr'>altiorum</span> <span class='ocrx_word' id='word_1_13' title='bbox 832 731 1016 797; x_wconf 89' lang='lat' dir='ltr'>formarum</span> <span class='ocrx_word' id='word_1_14' title='bbox 1031 733 1170 799; x_wconf 85' lang='lat' dir='ltr'>Filicum</span> <span class='ocrx_word' id='word_1_15' title='bbox 1189 738 1295 823; x_wconf 89' lang='lat' dir='ltr'>plan-</span> 
     </span>
     <span class='ocr_line' id='line_1_3' title="bbox 143 836 1290 928; baseline 0.008 -31"><span class='ocrx_word' id='word_1_16' title='bbox 143 918 149 928; x_wconf 75' lang='lat'><em>,</em></span> <span class='ocrx_word' id='word_1_17' title='bbox 198 849 374 923; x_wconf 88' lang='lat' dir='ltr'>tarumque</span> <span class='ocrx_word' id='word_1_18' title='bbox 395 836 635 927; x_wconf 74' lang='lat' dir='ltr'>perfectiorum</span> <span class='ocrx_word' id='word_1_19' title='bbox 650 837 905 927; x_wconf 85' lang='lat' dir='ltr'>indigitationes</span> <span class='ocrx_word' id='word_1_20' title='bbox 926 841 1072 907; x_wconf 87' lang='lat' dir='ltr'>breviter</span> <span class='ocrx_word' id='word_1_21' title='bbox 1090 840 1290 928; x_wconf 82' lang='lat' dir='ltr'><strong>disquirere,</strong></span> 
     </span>
     <span class='ocr_line' id='line_1_4' title="bbox 199 944 1293 1038; baseline 0.006 -30"><span class='ocrx_word' id='word_1_22' title='bbox 199 945 381 1024; x_wconf 85' lang='lat' dir='ltr'>ostendam,</span> <span class='ocrx_word' id='word_1_23' title='bbox 400 944 580 1031; x_wconf 50' lang='lat' dir='ltr'>¹quomodo</span> <span class='ocrx_word' id='word_1_24' title='bbox 611 945 704 1035; x_wconf 78' lang='lat' dir='ltr'>ipsae</span> <span class='ocrx_word' id='word_1_25' title='bbox 730 971 798 1014; x_wconf 90' lang='lat' dir='ltr'>non</span> <span class='ocrx_word' id='word_1_26' title='bbox 820 971 899 1014; x_wconf 90' lang='lat' dir='ltr'>raro</span> <span class='ocrx_word' id='word_1_27' title='bbox 922 949 1018 1014; x_wconf 86' lang='lat' dir='ltr'>varia</span> <span class='ocrx_word' id='word_1_28' title='bbox 1038 950 1184 1038; x_wconf 83' lang='lat' dir='ltr'>partium</span> <span class='ocrx_word' id='word_1_29' title='bbox 1203 972 1293 1014; x_wconf 83' lang='lat' dir='ltr'>con-</span> 
     </span>
     <span class='ocr_line' id='line_1_5' title="bbox 197 1048 1290 1148; baseline 0.006 -34"><span class='ocrx_word' id='word_1_30' title='bbox 197 1048 399 1148; x_wconf 86' lang='lat' dir='ltr'>formatione</span> <span class='ocrx_word' id='word_1_31' title='bbox 427 1053 526 1115; x_wconf 90' lang='lat' dir='ltr'>simul</span> <span class='ocrx_word' id='word_1_32' title='bbox 554 1052 755 1121; x_wconf 82' lang='lat' dir='ltr'>inferiorum</span> <span class='ocrx_word' id='word_1_33' title='bbox 783 1055 946 1121; x_wconf 87' lang='lat' dir='ltr'>serierum</span> <span class='ocrx_word' id='word_1_34' title='bbox 969 1057 1096 1122; x_wconf 87' lang='lat' dir='ltr'>formas</span> <span class='ocrx_word' id='word_1_35' title='bbox 1124 1073 1290 1147; x_wconf 86' lang='lat' dir='ltr'>repetunt.</span> 
     </span>
     <span class='ocr_line' id='line_1_6' title="bbox 209 1158 1292 1261; baseline 0.006 -38"><span class='ocrx_word' id='word_1_36' title='bbox 209 1202 237 1261; x_wconf 75' lang='lat'>&#39;.</span> <span class='ocrx_word' id='word_1_37' title='bbox 279 1158 416 1224; x_wconf 82' lang='lat' dir='ltr'><strong>Initium</strong></span> <span class='ocrx_word' id='word_1_38' title='bbox 434 1160 595 1226; x_wconf 86' lang='lat' dir='ltr'>ducentes</span> <span class='ocrx_word' id='word_1_39' title='bbox 614 1185 632 1225; x_wconf 89' lang='lat' dir='ltr'>e</span> <span class='ocrx_word' id='word_1_40' title='bbox 658 1167 861 1251; x_wconf 82' lang='lat' dir='ltr'>Torgionio,</span> <span class='ocrx_word' id='word_1_41' title='bbox 886 1167 1118 1231; x_wconf 70' lang='lat' dir='ltr'>Antilocerote</span> <span class='ocrx_word' id='word_1_42' title='bbox 1133 1181 1165 1230; x_wconf 90' lang='lat' dir='ltr'>et</span> <span class='ocrx_word' id='word_1_43' title='bbox 1185 1169 1292 1230; x_wconf 83' lang='lat' dir='ltr'>Mur-</span> 
     </span>
     <span class='ocr_line' id='line_1_7' title="bbox 198 1269 1290 1364; baseline 0.005 -32"><span class='ocrx_word' id='word_1_44' title='bbox 198 1269 338 1332; x_wconf 77' lang='lat' dir='ltr'>chantici</span> <span class='ocrx_word' id='word_1_45' title='bbox 345 1316 357 1347; x_wconf 92' lang='lat'><em>,</em></span> <span class='ocrx_word' id='word_1_46' title='bbox 386 1290 501 1332; x_wconf 91' lang='lat' dir='ltr'>omnes</span> <span class='ocrx_word' id='word_1_47' title='bbox 529 1269 671 1358; x_wconf 81' lang='lat' dir='ltr'>perinde</span> <span class='ocrx_word' id='word_1_48' title='bbox 692 1285 792 1359; x_wconf 92' lang='lat' dir='ltr'>atque</span> <span class='ocrx_word' id='word_1_49' title='bbox 805 1271 1133 1364; x_wconf 87' lang='lat' dir='ltr'>·Hoiuallophyllae,</span> <span class='ocrx_word' id='word_1_50' title='bbox 1165 1273 1290 1339; x_wconf 88' lang='lat' dir='ltr'>fronde</span> 
     </span>
     <span class='ocr_line' id='line_1_8' title="bbox 198 1376 1293 1470; baseline 0.006 -29"><span class='ocrx_word' id='word_1_51' title='bbox 198 1376 359 1441; x_wconf 89' lang='lat' dir='ltr'>cellulosa</span> <span class='ocrx_word' id='word_1_52' title='bbox 400 1399 564 1464; x_wconf 85' lang='lat' dir='ltr'>expansas</span> <span class='ocrx_word' id='word_1_53' title='bbox 597 1376 765 1444; x_wconf 81' lang='lat' dir='ltr'>videmus.</span> <span class='ocrx_word' id='word_1_54' title='bbox 820 1380 876 1445; x_wconf 54' lang='lat' dir='ltr'>Inv</span> <span class='ocrx_word' id='word_1_55' title='bbox 893 1384 1086 1470; x_wconf 77' lang='lat' dir='ltr'>Torgionia</span> <span class='ocrx_word' id='word_1_56' title='bbox 1104 1385 1137 1469; x_wconf 67' lang='lat' dir='ltr'>l⁶)</span> <span class='ocrx_word' id='word_1_57' title='bbox 1159 1383 1293 1448; x_wconf 86' lang='lat' dir='ltr'>inferne</span> 
     </span>
     <span class='ocr_line' id='line_1_9' title="bbox 197 1483 1292 1581; baseline 0.008 -33"><span class='ocrx_word' id='word_1_58' title='bbox 197 1487 259 1549; x_wconf 88' lang='lat' dir='ltr'>sub</span> <span class='ocrx_word' id='word_1_59' title='bbox 285 1483 436 1574; x_wconf 81' lang='lat' dir='ltr'>apicibus</span> <span class='ocrx_word' id='word_1_60' title='bbox 469 1485 659 1554; x_wconf 79' lang='lat' dir='ltr'>rotundatis</span> <span class='ocrx_word' id='word_1_61' title='bbox 688 1488 848 1554; x_wconf 83' lang='lat' dir='ltr'>loborum</span> <span class='ocrx_word' id='word_1_62' title='bbox 881 1490 1015 1557; x_wconf 83' lang='lat' dir='ltr'>frondis</span> <span class='ocrx_word' id='word_1_63' title='bbox 1041 1495 1292 1581; x_wconf 82' lang='lat' dir='ltr'>receptaculum</span> 
     </span>
     <span class='ocr_line' id='line_1_10' title="bbox 140 1592 1291 1702; baseline 0.009 -45"><span class='ocrx_word' id='word_1_64' title='bbox 140 1638 142 1642; x_wconf 91' lang='lat'>-</span> <span class='ocrx_word' id='word_1_65' title='bbox 196 1595 501 1683; x_wconf 70' lang='lat' dir='ltr'>membranaceum,</span> <span class='ocrx_word' id='word_1_66' title='bbox 522 1592 809 1702; x_wconf 80' lang='lat' dir='ltr'>fusco-rubrum,</span> <span class='ocrx_word' id='word_1_67' title='bbox 830 1598 988 1682; x_wconf 80' lang='lat' dir='ltr'>bivatve,</span> <span class='ocrx_word' id='word_1_68' title='bbox 1010 1604 1188 1689; x_wconf 84' lang='lat' dir='ltr'>grantdum</span> <span class='ocrx_word' id='word_1_69' title='bbox 1207 1625 1291 1691; x_wconf 80' lang='lat' dir='ltr'>cap-</span> 
     </span>
     <span class='ocr_line' id='line_1_11' title="bbox 197 1701 1290 1796; baseline 0.004 -29"><span class='ocrx_word' id='word_1_70' title='bbox 197 1701 399 1767; x_wconf 88' lang='lat' dir='ltr'>sulaeforme</span> <span class='ocrx_word' id='word_1_71' title='bbox 436 1702 614 1767; x_wconf 89' lang='lat' dir='ltr'>includens</span> <span class='ocrx_word' id='word_1_72' title='bbox 642 1705 794 1793; x_wconf 87' lang='lat' dir='ltr'>apparet,</span> <span class='ocrx_word' id='word_1_73' title='bbox 826 1708 927 1793; x_wconf 52' lang='lat' dir='ltr'>*quod</span> <span class='ocrx_word' id='word_1_74' title='bbox 949 1708 1049 1774; x_wconf 86' lang='lat' dir='ltr'>sicuti</span> <span class='ocrx_word' id='word_1_75' title='bbox 1073 1711 1290 1796; x_wconf 82' lang='lat' dir='ltr'>sporangium</span> 
     </span>
     <span class='ocr_line' id='line_1_12' title="bbox 196 1810 1307 1901; baseline -0.002 -24"><span class='ocrx_word' id='word_1_76' title='bbox 196 1810 406 1890; x_wconf 86' lang='lat' dir='ltr'>Ricciarum,</span> <span class='ocrx_word' id='word_1_77' title='bbox 441 1834 580 1898; x_wconf 78' lang='lat' dir='ltr'>germen</span> <span class='ocrx_word' id='word_1_78' title='bbox 606 1811 734 1899; x_wconf 87' lang='lat' dir='ltr'>pistillo</span> <span class='ocrx_word' id='word_1_79' title='bbox 761 1814 962 1879; x_wconf 86' lang='lat' dir='ltr'>instructum</span> <span class='ocrx_word' id='word_1_80' title='bbox 993 1817 1180 1900; x_wconf 84' lang='lat' dir='ltr'>plantarum</span> <span class='ocrx_word' id='word_1_81' title='bbox 1203 1839 1307 1901; x_wconf 31' lang='lat' dir='ltr'>perr·</span> 
     </span>
     <span class='ocr_line' id='line_1_13' title="bbox 196 1917 1285 2008; baseline -0.002 -24"><span class='ocrx_word' id='word_1_82' title='bbox 196 1920 377 1986; x_wconf 90' lang='lat' dir='ltr'>fectiorum</span> <span class='ocrx_word' id='word_1_83' title='bbox 398 1917 557 2008; x_wconf 79' lang='lat' dir='ltr'>indigitat</span> <span class='ocrx_word' id='word_1_84' title='bbox 580 1936 613 1985; x_wconf 90' lang='lat' dir='ltr'>et</span> <span class='ocrx_word' id='word_1_85' title='bbox 640 1920 678 1985; x_wconf 92' lang='lat' dir='ltr'>in</span> <span class='ocrx_word' id='word_1_86' title='bbox 704 1934 791 1985; x_wconf 87' lang='lat' dir='ltr'>statu</span> <span class='ocrx_word' id='word_1_87' title='bbox 816 1933 948 1984; x_wconf 89' lang='lat' dir='ltr'>maturo</span> <span class='ocrx_word' id='word_1_88' title='bbox 977 1918 1152 2006; x_wconf 84' lang='lat' dir='ltr'>globulum</span> <span class='ocrx_word' id='word_1_89' title='bbox 1174 1921 1285 1982; x_wconf 88' lang='lat' dir='ltr'>album</span> 
     </span>
     <span class='ocr_line' id='line_1_14' title="bbox 197 2014 1287 2119; baseline -0.004 -25"><span class='ocrx_word' id='word_1_90' title='bbox 197 2028 305 2119; x_wconf 87' lang='lat' dir='ltr'>sporis</span> <span class='ocrx_word' id='word_1_91' title='bbox 335 2044 368 2094; x_wconf 92' lang='lat' dir='ltr'>et</span> <span class='ocrx_word' id='word_1_92' title='bbox 388 2029 454 2094; x_wconf 88' lang='lat' dir='ltr'>filis</span> <span class='ocrx_word' id='word_1_93' title='bbox 478 2028 666 2094; x_wconf 86' lang='lat' dir='ltr'>tenerrimis</span> <span class='ocrx_word' id='word_1_94' title='bbox 688 2028 853 2117; x_wconf 87' lang='lat' dir='ltr'>repletum</span> <span class='ocrx_word' id='word_1_95' title='bbox 877 2014 1035 2092; x_wconf 75' lang='lat' dir='ltr'>o‘stendit.</span> <span class='ocrx_word' id='word_1_96' title='bbox 1082 2023 1120 2088; x_wconf 93' lang='lat' dir='ltr'>In</span> <span class='ocrx_word' id='word_1_97' title='bbox 1143 2027 1287 2091; x_wconf 89' lang='lat' dir='ltr'>Antho-</span> 
     </span>
     <span class='ocr_line' id='line_1_15' title="bbox 154 2131 1288 2227; baseline -0.007 -25"><span class='ocrx_word' id='word_1_98' title='bbox 154 2201 156 2208; x_wconf 86' lang='grc'><strong>,</strong></span> <span class='ocrx_word' id='word_1_99' title='bbox 197 2152 311 2203; x_wconf 89' lang='lat' dir='ltr'>cerote</span> <span class='ocrx_word' id='word_1_100' title='bbox 341 2138 396 2221; x_wconf 55' lang='lat' dir='ltr'>isti)</span> <span class='ocrx_word' id='word_1_101' title='bbox 430 2161 448 2200; x_wconf 92' lang='lat' dir='ltr'>e</span> <span class='ocrx_word' id='word_1_102' title='bbox 481 2136 606 2202; x_wconf 89' lang='lat' dir='ltr'>fronde</span> <span class='ocrx_word' id='word_1_103' title='bbox 642 2139 820 2227; x_wconf 88' lang='lat' dir='ltr'>explanata</span> <span class='ocrx_word' id='word_1_104' title='bbox 843 2131 994 2199; x_wconf 88' lang='lat' dir='ltr'>ascendit</span> <span class='ocrx_word' id='word_1_105' title='bbox 1015 2133 1152 2221; x_wconf 87' lang='lat' dir='ltr'>capsula</span> <span class='ocrx_word' id='word_1_106' title='bbox 1170 2131 1288 2220; x_wconf 75' lang='lat' dir='ltr'>cylin-</span> 
     </span>
     <span class='ocr_line' id='line_1_16' title="bbox 157 2227 1288 2336; baseline -0.008 -25"><span class='ocrx_word' id='word_1_107' title='bbox 157 2227 159 2231; x_wconf 14' lang='lat' dir='ltr'>i</span> <span class='ocrx_word' id='word_1_108' title='bbox 198 2245 309 2326; x_wconf 83' lang='lat' dir='ltr'>drioa,</span> <span class='ocrx_word' id='word_1_109' title='bbox 337 2244 497 2325; x_wconf 78' lang='lat' dir='ltr'>bivalviS,</span> <span class='ocrx_word' id='word_1_110' title='bbox 521 2247 700 2311; x_wconf 89' lang='lat' dir='ltr'>columella</span> <span class='ocrx_word' id='word_1_111' title='bbox 730 2241 871 2310; x_wconf 87' lang='lat' dir='ltr'>centrali</span> <span class='ocrx_word' id='word_1_112' title='bbox 897 2241 1070 2336; x_wconf 85' lang='lat' dir='ltr'>instructa.</span> <span class='ocrx_word' id='word_1_113' title='bbox 1128 2239 1288 2306; x_wconf 84' lang='lat' dir='ltr'>Circum-</span> 
     </span>
     <span class='ocr_line' id='line_1_17' title="bbox 160 2336 1288 2441; baseline -0.006 -22"><span class='ocrx_word' id='word_1_114' title='bbox 160 2359 163 2362; x_wconf 76' lang='grc'><strong>’</strong></span> <span class='ocrx_word' id='word_1_115' title='bbox 197 2353 287 2419; x_wconf 90' lang='lat' dir='ltr'>circa</span> <span class='ocrx_word' id='word_1_116' title='bbox 325 2355 411 2419; x_wconf 93' lang='lat' dir='ltr'>hanc</span> <span class='ocrx_word' id='word_1_117' title='bbox 451 2355 666 2420; x_wconf 90' lang='lat' dir='ltr'>columellam</span> <span class='ocrx_word' id='word_1_118' title='bbox 702 2353 888 2441; x_wconf 86' lang='lat' dir='ltr'>propagula</span> <span class='ocrx_word' id='word_1_119' title='bbox 915 2349 982 2415; x_wconf 91' lang='lat' dir='ltr'>filis</span> <span class='ocrx_word' id='word_1_120' title='bbox 1014 2336 1159 2414; x_wconf 41' lang='lat' dir='ltr'>elas&#39;ticis</span> <span class='ocrx_word' id='word_1_121' title='bbox 1188 2348 1288 2413; x_wconf 78' lang='lat' dir='ltr'>affixa</span> 
     </span>
     <span class='ocr_line' id='line_1_18' title="bbox 198 2457 1285 2550; baseline -0.004 -26"><span class='ocrx_word' id='word_1_122' title='bbox 198 2475 231 2524; x_wconf 89' lang='lat' dir='ltr'>et</span> <span class='ocrx_word' id='word_1_123' title='bbox 258 2474 347 2526; x_wconf 90' lang='lat' dir='ltr'>totus</span> <span class='ocrx_word' id='word_1_124' title='bbox 371 2461 497 2528; x_wconf 89' lang='lat' dir='ltr'>fructus</span> <span class='ocrx_word' id='word_1_125' title='bbox 518 2459 755 2550; x_wconf 87' lang='lat' dir='ltr'>praefiguratio</span> <span class='ocrx_word' id='word_1_126' title='bbox 785 2457 984 2548; x_wconf 89' lang='lat' dir='ltr'>siliquarum</span> <span class='ocrx_word' id='word_1_127' title='bbox 1016 2457 1285 2541; x_wconf 77' lang='lat' dir='ltr'>Crucijcrorum3</span> 
     </span>
     <span class='ocr_line' id='line_1_19' title="bbox 175 2565 1287 2658; baseline -0.005 -22"><span class='ocrx_word' id='word_1_128' title='bbox 175 2630 178 2636; x_wconf 87' lang='lat'>.</span> <span class='ocrx_word' id='word_1_129' title='bbox 196 2574 263 2650; x_wconf 91' lang='lat' dir='ltr'>jam</span> <span class='ocrx_word' id='word_1_130' title='bbox 285 2569 391 2658; x_wconf 88' lang='lat' dir='ltr'>magis</span> <span class='ocrx_word' id='word_1_131' title='bbox 413 2567 594 2658; x_wconf 87' lang='lat' dir='ltr'>conspicua</span> <span class='ocrx_word' id='word_1_132' title='bbox 621 2583 733 2634; x_wconf 90' lang='lat' dir='ltr'>autem</span> <span class='ocrx_word' id='word_1_133' title='bbox 754 2569 839 2633; x_wconf 89' lang='lat' dir='ltr'>haec</span> <span class='ocrx_word' id='word_1_134' title='bbox 866 2581 916 2632; x_wconf 90' lang='lat' dir='ltr'>est</span> <span class='ocrx_word' id='word_1_135' title='bbox 940 2565 1091 2651; x_wconf 81' lang='lat' dir='ltr'>analogia</span> <span class='ocrx_word' id='word_1_136' title='bbox 1113 2566 1150 2629; x_wconf 92' lang='lat' dir='ltr'>in</span> <span class='ocrx_word' id='word_1_137' title='bbox 1177 2569 1287 2630; x_wconf 83' lang='lat' dir='ltr'>Blau-</span> 
     </span>
     <span class='ocr_line' id='line_1_20' title="bbox 198 2671 1290 2766; baseline -0.005 -23"><span class='ocrx_word' id='word_1_138' title='bbox 198 2681 334 2757; x_wconf 71' lang='lat' dir='ltr'>dowio‚&#39;</span> <span class='ocrx_word' id='word_1_139' title='bbox 347 2676 406 2743; x_wconf 89' lang='lat' dir='ltr'>ubi</span> <span class='ocrx_word' id='word_1_140' title='bbox 425 2679 504 2743; x_wconf 92' lang='lat' dir='ltr'>loco</span> <span class='ocrx_word' id='word_1_141' title='bbox 529 2679 728 2743; x_wconf 89' lang='lat' dir='ltr'>columellae</span> <span class='ocrx_word' id='word_1_142' title='bbox 751 2675 1027 2766; x_wconf 86' lang='lat' dir='ltr'>dissepimentum</span> <span class='ocrx_word' id='word_1_143' title='bbox 1057 2671 1197 2739; x_wconf 86' lang='lat' dir='ltr'>offertur</span> <span class='ocrx_word' id='word_1_144' title='bbox 1224 2698 1290 2738; x_wconf 88' lang='lat' dir='ltr'>an-</span> 
     </span>
     <span class='ocr_line' id='line_1_21' title="bbox 198 2783 1287 2878; baseline -0.006 -26"><span class='ocrx_word' id='word_1_145' title='bbox 198 2803 345 2878; x_wconf 85' lang='lat' dir='ltr'>gustum,</span> <span class='ocrx_word' id='word_1_146' title='bbox 365 2787 511 2875; x_wconf 89' lang='lat' dir='ltr'>planum.</span> <span class='ocrx_word' id='word_1_147' title='bbox 554 2783 595 2848; x_wconf 90' lang='lat' dir='ltr'>In</span> <span class='ocrx_word' id='word_1_148' title='bbox 616 2786 851 2852; x_wconf 89' lang='lat' dir='ltr'>Anthocerote</span> <span class='ocrx_word' id='word_1_149' title='bbox 866 2786 1082 2874; x_wconf 89' lang='lat' dir='ltr'>quoque-hos</span> <span class='ocrx_word' id='word_1_150' title='bbox 1101 2784 1287 2873; x_wconf 89' lang='lat' dir='ltr'>scyphulos</span> 
     </span>
     <span class='ocr_line' id='line_1_22' title="bbox 197 2889 1289 2986; baseline -0.005 -25"><span class='ocrx_word' id='word_1_151' title='bbox 197 2894 392 2986; x_wconf 86' lang='lat' dir='ltr'>propagulis</span> <span class='ocrx_word' id='word_1_152' title='bbox 414 2892 572 2958; x_wconf 85' lang='lat' dir='ltr'>immissis</span> <span class='ocrx_word' id='word_1_153' title='bbox 597 2889 758 2981; x_wconf 81' lang='lat' dir='ltr'>repetitos</span> <span class='ocrx_word' id='word_1_154' title='bbox 785 2891 1037 2982; x_wconf 81' lang='lat' dir='ltr'>conspicamur,</span> <span class='ocrx_word' id='word_1_155' title='bbox 1075 2916 1176 2981; x_wconf 86' lang='lat' dir='ltr'>quos,</span> <span class='ocrx_word' id='word_1_156' title='bbox 1209 2914 1289 2956; x_wconf 90' lang='lat' dir='ltr'>cum</span> 
     </span>
     <span class='ocr_line' id='line_1_23' title="bbox 198 2998 1290 3094; baseline -0.004 -27"><span class='ocrx_word' id='word_1_157' title='bbox 198 3007 331 3094; x_wconf 88' lang='lat' dir='ltr'>plantae</span> <span class='ocrx_word' id='word_1_158' title='bbox 358 3024 466 3067; x_wconf 88' lang='lat' dir='ltr'>novae</span> <span class='ocrx_word' id='word_1_159' title='bbox 489 3018 534 3066; x_wconf 81' lang='lat' dir='ltr'>ex</span> <span class='ocrx_word' id='word_1_160' title='bbox 558 3000 599 3065; x_wconf 89' lang='lat' dir='ltr'>iis</span> <span class='ocrx_word' id='word_1_161' title='bbox 627 3000 774 3066; x_wconf 88' lang='lat' dir='ltr'>orientes</span> <span class='ocrx_word' id='word_1_162' title='bbox 804 3001 897 3066; x_wconf 84' lang='lat' dir='ltr'>visae</span> <span class='ocrx_word' id='word_1_163' title='bbox 918 3023 988 3068; x_wconf 91' lang='lat' dir='ltr'>non</span> <span class='ocrx_word' id='word_1_164' title='bbox 1012 3001 1096 3082; x_wconf 88' lang='lat' dir='ltr'>sint,</span> <span class='ocrx_word' id='word_1_165' title='bbox 1129 2998 1290 3068; x_wconf 92' lang='lat' dir='ltr'>nonnulli</span> 
     </span>
     <span class='ocr_line' id='line_1_24' title="bbox 198 3109 1289 3200; baseline -0.004 -23"><span class='ocrx_word' id='word_1_166' title='bbox 198 3109 465 3200; x_wconf 74' lang='lat' dir='ltr'>indignationes·</span> <span class='ocrx_word' id='word_1_167' title='bbox 494 3131 698 3198; x_wconf 80' lang='lat' dir='ltr'>organorum</span> <span class='ocrx_word' id='word_1_168' title='bbox 743 3111 968 3198; x_wconf 80' lang='lat' dir='ltr'>masculorum</span> <span class='ocrx_word' id='word_1_169' title='bbox 998 3110 1147 3200; x_wconf 87' lang='lat' dir='ltr'>putaturi</span> <span class='ocrx_word' id='word_1_170' title='bbox 1175 3124 1289 3190; x_wconf 83' lang='lat' dir='ltr'>erant,</span> 
     </span>
     <span class='ocr_line' id='line_1_25' title="bbox 201 3215 1289 3308; baseline -0.005 -24"><span class='ocrx_word' id='word_1_171' title='bbox 201 3244 265 3308; x_wconf 90' lang='lat' dir='ltr'>qua</span> <span class='ocrx_word' id='word_1_172' title='bbox 293 3215 455 3306; x_wconf 90' lang='lat' dir='ltr'>opinione</span> <span class='ocrx_word' id='word_1_173' title='bbox 482 3218 696 3299; x_wconf 72' lang='lat' dir='ltr'>confirmata,</span> <span class='ocrx_word' id='word_1_174' title='bbox 717 3217 897 3308; x_wconf 86' lang='lat' dir='ltr'>Hepatioas</span> <span class='ocrx_word' id='word_1_175' title='bbox 923 3222 989 3297; x_wconf 83' lang='lat' dir='ltr'>jam</span> <span class='ocrx_word' id='word_1_176' title='bbox 1014 3241 1056 3284; x_wconf 89' lang='lat' dir='ltr'>eo</span> <span class='ocrx_word' id='word_1_177' title='bbox 1077 3215 1289 3297; x_wconf 79' lang='lat' dir='ltr'>conjunctius</span> 
     </span>
     <span class='ocr_line' id='line_1_26' title="bbox 201 3324 1288 3417; baseline -0.005 -24"><span class='ocrx_word' id='word_1_178' title='bbox 201 3353 277 3394; x_wconf 92' lang='lat' dir='ltr'>cum</span> <span class='ocrx_word' id='word_1_179' title='bbox 302 3324 427 3391; x_wconf 86' lang='lat' dir='ltr'>Muscis</span> <span class='ocrx_word' id='word_1_180' title='bbox 454 3340 487 3391; x_wconf 89' lang='lat' dir='ltr'>et</span> <span class='ocrx_word' id='word_1_181' title='bbox 508 3350 570 3415; x_wconf 89' lang='lat' dir='ltr'>per</span> <span class='ocrx_word' id='word_1_182' title='bbox 592 3329 656 3391; x_wconf 88' lang='lat' dir='ltr'>hos</span> <span class='ocrx_word' id='word_1_183' title='bbox 679 3351 755 3392; x_wconf 92' lang='lat' dir='ltr'>cum</span> <span class='ocrx_word' id='word_1_184' title='bbox 781 3325 907 3417; x_wconf 89' lang='lat' dir='ltr'>plantis</span> <span class='ocrx_word' id='word_1_185' title='bbox 936 3324 1150 3416; x_wconf 86' lang='lat' dir='ltr'>perfectioris</span> <span class='ocrx_word' id='word_1_186' title='bbox 1175 3340 1288 3389; x_wconf 88' lang='lat' dir='ltr'>struc-</span> 
     </span>
     <span class='ocr_line' id='line_1_27' title="bbox 200 3432 1290 3524; baseline -0.004 -22"><span class='ocrx_word' id='word_1_187' title='bbox 200 3453 294 3502; x_wconf 87' lang='lat' dir='ltr'>turae</span> <span class='ocrx_word' id='word_1_188' title='bbox 308 3450 452 3522; x_wconf 87' lang='lat' dir='ltr'>utroque</span> <span class='ocrx_word' id='word_1_189' title='bbox 469 3458 554 3499; x_wconf 80' lang='lat' dir='ltr'>sexu</span> <span class='ocrx_word' id='word_1_190' title='bbox 569 3434 741 3524; x_wconf 86' lang='lat' dir='ltr'>praeditis,</span> <span class='ocrx_word' id='word_1_191' title='bbox 760 3437 942 3502; x_wconf 86' lang='lat' dir='ltr'>cohaerere</span> <span class='ocrx_word' id='word_1_192' title='bbox 963 3444 1140 3500; x_wconf 72' lang='lat' dir='ltr'>constaret</span> <span class='ocrx_word' id='word_1_193' title='bbox 1174 3432 1290 3517; x_wconf 88' lang='lat' dir='ltr'>Quum</span> 
     </span>
     <span class='ocr_line' id='line_1_28' title="bbox 199 3541 1290 3632; baseline -0.004 -22"><span class='ocrx_word' id='word_1_194' title='bbox 199 3567 283 3610; x_wconf 87' lang='lat' dir='ltr'>vero</span> <span class='ocrx_word' id='word_1_195' title='bbox 307 3543 343 3608; x_wconf 90' lang='lat' dir='ltr'>in</span> <span class='ocrx_word' id='word_1_196' title='bbox 364 3547 633 3632; x_wconf 62' lang='lat' dir='ltr'>tunger-mannia</span> <span class='ocrx_word' id='word_1_197' title='bbox 647 3547 768 3608; x_wconf 85' lang='lat' dir='ltr'>Blasio</span> <span class='ocrx_word' id='word_1_198' title='bbox 784 3559 818 3608; x_wconf 90' lang='lat' dir='ltr'>et</span> <span class='ocrx_word' id='word_1_199' title='bbox 832 3545 1063 3609; x_wconf 82' lang='lat' dir='ltr'>Morchontiis</span> <span class='ocrx_word' id='word_1_200' title='bbox 1080 3541 1185 3606; x_wconf 88' lang='lat' dir='ltr'>iidem</span> <span class='ocrx_word' id='word_1_201' title='bbox 1204 3565 1290 3631; x_wconf 91' lang='lat' dir='ltr'>scy-</span> 
     </span>
     <span class='ocr_line' id='line_1_29' title="bbox 200 3651 1292 3749; baseline -0.005 -31"><span class='ocrx_word' id='word_1_202' title='bbox 200 3651 298 3743; x_wconf 91' lang='lat' dir='ltr'>phuli</span> <span class='ocrx_word' id='word_1_203' title='bbox 332 3651 598 3749; x_wconf 86' lang='lat' dir='ltr'>conspiciantur,</span> <span class='ocrx_word' id='word_1_204' title='bbox 631 3673 774 3742; x_wconf 90' lang='lat' dir='ltr'>quorum</span> <span class='ocrx_word' id='word_1_205' title='bbox 807 3653 948 3740; x_wconf 85' lang='lat' dir='ltr'>granula</span> <span class='ocrx_word' id='word_1_206' title='bbox 984 3674 1066 3718; x_wconf 88' lang='lat' dir='ltr'>vera</span> <span class='ocrx_word' id='word_1_207' title='bbox 1103 3652 1292 3741; x_wconf 80' lang='lat' dir='ltr'>propagula</span> 
     </span>
    </p>
   </div>
   <div class='ocr_carea' id='block_1_2' title="bbox 269 3880 1288 3951">
    <p class='ocr_par' dir='ltr' id='par_1_2' title="bbox 269 3880 1288 3951">
     <span class='ocr_line' id='line_1_30' title="bbox 269 3880 1288 3951; baseline 0.005 -12"><span class='ocrx_word' id='word_1_208' title='bbox 269 3890 299 3951; x_wconf 76' lang='lat' dir='ltr'>*J</span> <span class='ocrx_word' id='word_1_209' title='bbox 326 3886 383 3941; x_wconf 83' lang='lat' dir='ltr'>cfr.</span> <span class='ocrx_word' id='word_1_210' title='bbox 409 3889 495 3938; x_wconf 84' lang='lat' dir='ltr'>Sturm</span> <span class='ocrx_word' id='word_1_211' title='bbox 518 3884 536 3936; x_wconf 91' lang='lat' dir='ltr'>l.</span> <span class='ocrx_word' id='word_1_212' title='bbox 561 3900 587 3940; x_wconf 86' lang='lat' dir='ltr'>c.</span> <span class='ocrx_word' id='word_1_213' title='bbox 611 3881 662 3936; x_wconf 84' lang='lat' dir='ltr'>Btl.</span> <span class='ocrx_word' id='word_1_214' title='bbox 688 3883 712 3934; x_wconf 87' lang='lat'>1.</span> <span class='ocrx_word' id='word_1_215' title='bbox 736 3908 771 3920; x_wconf 90' lang='lat'>-</span> <span class='ocrx_word' id='word_1_216' title='bbox 790 3885 882 3936; x_wconf 76' lang='lat' dir='ltr'>Weber</span> <span class='ocrx_word' id='word_1_217' title='bbox 907 3890 934 3935; x_wconf 76' lang='lat' dir='ltr'>ot</span> <span class='ocrx_word' id='word_1_218' title='bbox 958 3881 1040 3933; x_wconf 75' lang='lat' dir='ltr'>Motr</span> <span class='ocrx_word' id='word_1_219' title='bbox 1056 3880 1074 3932; x_wconf 88' lang='lat' dir='ltr'>l.</span> <span class='ocrx_word' id='word_1_220' title='bbox 1093 3897 1118 3936; x_wconf 87' lang='lat' dir='ltr'>c.</span> <span class='ocrx_word' id='word_1_221' title='bbox 1136 3881 1203 3937; x_wconf 65' lang='grc' dir='ltr'>Τὼ.</span> <span class='ocrx_word' id='word_1_222' title='bbox 1223 3881 1288 3943; x_wconf 75' lang='lat' dir='ltr'>Xll·</span> 
     </span>
    </p>
   </div>
   <div class='ocr_carea' id='block_1_3' title="bbox 202 3980 1078 4144">
    <p class='ocr_par' dir='ltr' id='par_1_3' title="bbox 202 3980 1078 4144">
     <span class='ocr_line' id='line_1_31' title="bbox 202 3980 863 4058; baseline 0.029 -30"><span class='ocrx_word' id='word_1_223' title='bbox 202 3981 260 4054; x_wconf 80' lang='lat' dir='ltr'>Fig.</span> <span class='ocrx_word' id='word_1_224' title='bbox 278 3983 297 4031; x_wconf 80' lang='lat'>4</span> <span class='ocrx_word' id='word_1_225' title='bbox 313 3991 339 4034; x_wconf 82' lang='lat' dir='ltr'>et</span> <span class='ocrx_word' id='word_1_226' title='bbox 357 3980 382 4033; x_wconf 86' lang='lat'>5.</span> <span class='ocrx_word' id='word_1_227' title='bbox 860 4052 863 4058; x_wconf 30' lang='lat'><strong>¹</strong></span> 
     </span>
     <span class='ocr_line' id='line_1_32' title="bbox 227 4069 1078 4144; baseline 0 -20"><span class='ocrx_word' id='word_1_228' title='bbox 227 4092 230 4099; x_wconf 77' lang='lat'><strong><em>¹</em></strong></span> <span class='ocrx_word' id='word_1_229' title='bbox 272 4079 312 4144; x_wconf 67' lang='grc' dir='ltr'>*Ἴ</span> <span class='ocrx_word' id='word_1_230' title='bbox 332 4080 418 4128; x_wconf 86' lang='lat' dir='ltr'>Sturm</span> <span class='ocrx_word' id='word_1_231' title='bbox 435 4077 453 4129; x_wconf 87' lang='lat' dir='ltr'>l.</span> <span class='ocrx_word' id='word_1_232' title='bbox 472 4093 495 4128; x_wconf 88' lang='lat' dir='ltr'>c.</span> <span class='ocrx_word' id='word_1_233' title='bbox 513 4073 563 4128; x_wconf 84' lang='lat' dir='ltr'>Bd.</span> <span class='ocrx_word' id='word_1_234' title='bbox 585 4077 607 4127; x_wconf 80' lang='grc'>1.</span> <span class='ocrx_word' id='word_1_235' title='bbox 646 4076 781 4128; x_wconf 73' lang='lat' dir='ltr'>Weberel</span> <span class='ocrx_word' id='word_1_236' title='bbox 798 4071 915 4125; x_wconf 80' lang='lat' dir='ltr'>Molirl.</span> <span class='ocrx_word' id='word_1_237' title='bbox 934 4088 958 4125; x_wconf 85' lang='lat' dir='ltr'>c.</span> <span class='ocrx_word' id='word_1_238' title='bbox 976 4069 1034 4144; x_wconf 78' lang='lat' dir='ltr'>Fig.</span> <span class='ocrx_word' id='word_1_239' title='bbox 1053 4071 1078 4126; x_wconf 80' lang='grc'>8.</span> 
     </span>
    </p>
   </div>
   <div class='ocr_carea' id='block_1_4' title="bbox 0 0 1379 4718">
    <p class='ocr_par' dir='ltr' id='par_1_4' title="bbox 0 0 1379 4718">
     <span class='ocr_line' id='line_1_33' title="bbox 0 0 1379 4718; baseline 0 0"><span class='ocrx_word' id='word_1_240' title='bbox 0 0 1379 4718; x_wconf 95' lang='lat' dir='ltr'> </span> 
     </span>
    </p>
   </div>
  </div>
 </body>
</html>
