2744 4718
579 317 678 439 E.

79 526 189 592 forma
218 525 406 616 apotheciis
433 524 621 590 Lichenum
652 526 977 616 appropinquantes,
1007 523 1096 588 inter
1116 523 1177 588 fila

82 637 258 702 articulata
290 633 467 701 Conservis
503 634 627 723 similia
652 637 803 724 granula
832 632 997 713 ferentes,
1025 630 1173 699 lusciore

80 745 204 811 inlecta
231 747 348 809 colore
375 726 636 830 membranaque
653 742 824 830 pellucido
843 742 961 808 cincta.
1004 742 1174 807 Nonnulla

88 853 302 944 Phycoidata
329 877 348 916 e
380 855 536 942 placenta
565 850 756 916 disciformi
779 850 985 940 proveniunt
1002 876 1035 917 v.
1058 874 1090 916 ο.
1104 852 1174 914 Fu-

83 988 141 1031 cus
159 967 269 1028 loreus
290 966 366 1027 Lin.
409 963 667 1046 (Himantbalia
685 963 780 1024 lorea
810 960 960 1050 Lyngb.)
983 961 1017 1044 l⁶)
1041 973 1073 1024 et
1100 959 1173 1023 alia.

84 1073 182 1156 Quae
209 1074 381 1162 placentae
408 1092 486 1134 cum
512 1067 776 1157 cotyledonibus
803 1068 988 1157 comparari
1015 1082 1175 1158 possunt,

84 1182 131 1246 ita
156 1195 192 1246 ut
218 1183 327 1269 Algae
355 1176 571 1268 perfectioris
595 1191 793 1256 structurae,
818 1177 911 1263 quod
934 1176 977 1241 ad
1004 1177 1178 1264 germina-¹

83 1289 209 1354 tionem
236 1275 363 1368 attinet,
385 1293 454 1366 jam
477 1285 669 1372 analogiam
698 1307 776 1348 cum
800 1284 923 1372 plantis
945 1286 1176 1374 superioribus

81 1397 365 1487 (Cotyledoneis)
395 1394 549 1460 offerant.
592 1390 866 1457 Manifestissime
892 1393 929 1457 in
956 1392 1039 1481 algis
1063 1396 1177 1459 conti-

81 1507 158 1572 nuis
186 1519 326 1594 apparet
353 1500 510 1588 analogia
539 1501 640 1582 hujus
671 1498 820 1582 familiae
849 1524 926 1566 cum
951 1501 1176 1583 Lichenibus,
1235 1504 1237 1507 ’

84 1639 173 1702 quae
194 1635 279 1680 vero
307 1626 341 1677 et
365 1610 402 1676 in
432 1609 552 1675 ceteris
576 1608 715 1697 agnosci
736 1622 863 1698 potest,
892 1631 968 1676 cum
987 1623 1057 1676 tota
1081 1608 1176 1676 frons

85 1720 196 1813 sporis
222 1722 350 1811 repleta
378 1718 430 1784 sit.

166 1831 237 1895 Nec
275 1851 359 1894 vero
392 1849 587 1892 muscorum
615 1819 916 1916 praefigurationes
944 1829 1066 1895 desunt
1090 1829 1178 1895 inter

81 1942 199 2028 Algos.
244 1937 313 2021 Qui
328 1962 361 2004 v.
384 1959 412 2002 c.
435 1939 608 2028 Bryopsin
628 1936 810 2028 Lyngbyei
831 1939 919 2002 Flor.
940 1940 1021 2003 don.
1042 1942 1099 2027 W)
1120 1939 1178 2004 in-

81 2047 184 2112 tuitus
217 2045 337 2125 fuerit,
371 2058 462 2110 certe
496 2044 606 2109 statim
633 2066 789 2133 magnam
818 2068 895 2111 cum
926 2045 1033 2112 musci
1059 2047 1195 2111 habitu

84 2154 339 2220 similitudinem
369 2166 572 2241 cognoscet.
629 2150 722 2236 Quin
756 2150 847 2218 inter
888 2155 1020 2221 infimas
1047 2155 1178 2246 plantas

84 2261 436 2352 llonocotyledoneas
472 2260 619 2326 familiae
654 2263 829 2350 chodum
860 2267 1004 2355 Spreng.
1034 2264 1178 2330 formam

83 2373 253 2462 quandam
268 2369 356 2435 fucis
378 2371 555 2457 analogam
570 2369 756 2458 reperimus
773 2372 810 2436 in
828 2375 1040 2440 memorabili
1053 2378 1177 2464 planta,

83 2504 170 2570 quiae
189 2504 209 2544 a
231 2478 467 2545 Celeberrimo'
488 2479 530 2541 de
544 2480 675 2543 Martio
698 2481 774 2566 W)
796 2481 839 2546 ad
862 2483 1094 2549 amazonicum
1111 2483 1179 2559 flu-

84 2588 179 2653 vium
204 2587 367 2652 Brasiliae
387 2587 540 2666 inventa,
569 2587 611 2649 ab
632 2607 742 2674 eoque
765 2604 906 2678 propter
932 2594 1004 2670 ejus
1034 2589 1176 2655 formam

87 2701 190 2761 Locis
211 2696 373 2782 ficcoides
400 2697 569 2762 nominata
588 2709 648 2758 est.
693 2694 803 2778 Quam
823 2700 991 2784 plantam,
1017 2697 1045 2761 si
1077 2697 1177 2763 llori-

86 2807 148 2869 bus
171 2804 362 2870 de'stitutam
380 2805 565 2894 repereris,
594 2817 685 2867 certe
712 2801 835 2866 dubius
855 2803 917 2884 sis,
942 2822 1056 2872 utrum
1074 2809 1176 2895 plan—

81 2913 125 2978 tis
149 2911 407 3002 phanerogamis
428 2937 471 2976 an
494 2909 605 3000 potius
633 2910 730 3018 Algis
757 2910 938 2977 adscribas.

549 3055 718 3066 Q..—

312 3142 573 3234 cauom
625 3156 947 3261 urcitanus

569 3344 592 3423 l.
635 3341 686 3404 27.

163 3444 332 3511 Lichenes
365 3445 552 3511 sectionem
579 3445 919 3535 Acotyledonearmn
946 3446 1175 3529 constituunt,

81 3577 168 3640 quae
188 3553 338 3618 medium
358 3578 431 3619 esse
449 3554 587 3620 videtur
610 3555 700 3634 inter
720 3551 856 3638 Fungos
877 3568 911 3618 et
934 3556 1050 3642 Algos,
1073 3578 1175 3643 prae-

81 3676 240 3748 tereaque
265 3661 384 3727 formis
409 3661 671 3750 perfectioribus
699 3685 775 3727 cum
801 3659 1090 3750 Homallophyllis
1111 3685 1175 3728 co-

150 3826 177 3883 a)
199 3826 319 3893 Lyngbye
339 3822 356 3876 l.
381 3841 404 3875 c.
424 3822 490 3878 Tuh.
510 3822 535 3876 8.

148 3921 187 3977 ⁴⁴)
212 3922 333 3990 Lynglye
352 3918 370 3970 Ι.
387 3936 410 3972 c.
428 3919 494 3972 Tab.
511 3920 553 3973 19.

150 4016 201 4074 ⁴⁴*)
222 4018 361 4080 Martius,
386 4030 457 4069 nove
480 4030 582 4085 genera
610 4022 637 4068 st
661 4013 765 4085 species
786 4012 942 4084 plantarum
962 4012 1173 4070 brasiliensinm.

81 4108 159 4160 Tem.
180 4107 198 4160 l.
223 4110 290 4163 rat.
309 4113 334 4162 2.
