2744 4718
1108 254 1128 283 ἵ

559 333 564 344 ¹
636 307 732 427 ,u

196 515 301 583 Recte
324 515 464 604 quidem
484 496 739 604 primo'intuitu
762 511 867 592 objici
887 534 986 602 posse
1001 512 1146 594 videtur,
1168 511 1243 580 Lis·

133 629 257 693 chenes
286 647 424 715 quoqne
458 621 533 688 aliis
562 606 685 710 plantis
713 619 899 686 insidentes
920 642 1110 686 occurrere.
1131 640 1134 645 ’
1155 618 1230 689 Ηοο

85 712 93 725 .
134 735 252 824 negari
279 757 350 801 non
376 747 504 824 potest;
526 731 586 797 sed
608 734 727 813 arbor,
749 728 996 820 qnaLichenes
1019 744 1231 811 enascuntur,

134 859 190 910 aut
218 842 357 911 omnino
387 841 500 909 valida
525 841 636 930 viget,
670 855 726 906 aut
739 841 847 931 ‚plane
869 836 1039 903 exsiccata
1060 852 1111 904 est
1131 853 1232 927 atque

91 967 98 988 ³
135 975 299 1029 exsucca,
329 951 419 1038 quali
447 951 483 1015 in
514 952 638 1017 arbore
666 962 839 1037 nunquam
859 968 944 1014 vero
965 945 1076 1034 Fungi
1107 939 1244 1012 occur-⁴

136 1075 224 1125 runt.
267 1057 339 1123 Etsi
362 1058 618 1148 diligentissime
640 1055 857 1148 indagaveris
878 1076 950 1122 non
971 1076 1120 1142 unquam
1137 1054 1234 1122 Fun-

138 1190 199 1255 gos
220 1165 455 1256 Lichenesque
475 1167 599 1233 iisdem
630 1165 667 1230 in
687 1164 774 1232 locis
793 1163 960 1254 reperies,
986 1163 1055 1230 ,sed
1075 1161 1233 1230 simulat-

138 1301 204 1364 que
228 1274 357 1364 lignum
386 1290 448 1342 etc.
478 1300 497 1340 e
520 1297 589 1364 quo
612 1272 781 1338 Lichenes
808 1273 1025 1353 exoriuntur,
1050 1273 1232 1361 putrescit,

136 1384 344 1474 illiquoque
365 1397 528 1473 pereunt,
551 1394 690 1470 tumque
709 1403 794 1447 vero
814 1379 924 1470 Fungi
944 1393 1115 1471 apparent.
1158 1379 1234 1464 Qua

136 1491 179 1557 de
202 1515 303 1557 causa
322 1514 394 1557 non
414 1512 493 1555 raro
516 1486 703 1554 earundem
720 1489 880 1554 arborum
898 1503 1038 1554 truncos
1056 1513 1234 1578 ramosque

139 1602 182 1663 ab
203 1621 272 1663 una
290 1610 388 1686 parte
407 1596 506 1663 vivos
523 1594 732 1662 Lichenibus
761 1596 930 1686 obtectos,
960 1599 1002 1662 ab
1024 1599 1127 1663 altera
1143 1603 1233 1665 'vero

140 1720 313 1772 emortuos
338 1703 467 1794 Fungis
500 1703 693 1770 invenimus
724 1706 892 1771 obsessos.
941 1703 1101 1796 Ejusdem
1128 1705 1235 1774 indo-

139 1814 201 1895 lis,
224 1837 291 1901 qua
311 1811 498 1893 Lichenes,
520 1826 598 1878 sunt
620 1809 722 1877 etiam
742 1812 870 1901 Algae,
892 1835 978 1901 quae
1001 1813 1077 1880 aliis
1096 1814 1235 1904 quidem

136 1922 271 2013 plantis,
293 1921 498 1987 creberrime
519 1941 606 1988 vero
615 1917 717 2010 Algis
732 1920 815 2010 ipsis
827 1919 1013 1988 insidentes
1035 1939 1234 2005 occurrunt3

136 2030 287 2096 insident
313 2029 383 2094 nisi
407 2029 532 2097 validis
559 2031 750 2120 plantarum
769 2028 937 2118 partibus,
965 2054 1052 2119 quae
1072 2031 1237 2122 saepissi-

138 2163 212 2216 me,
244 2152 282 2202 ut
309 2138 403 2204 aliud
430 2138 586 2225 quodvis
606 2158 730 2227 corpus
759 2136 922 2220 solidum,
959 2153 1090 2206 tantum
1120 2143 1236 2210 locum

139 2249 318 2337 praebent,
340 2245 661 2313 cui-adhaerescere
680 2230 826 2336 possibtt

219 2355 329 2445 Fungi
349 2379 470 2422 revera
490 2352 699 2419 humiditatis
717 2357 846 2444 proles,
868 2379 935 2445 qua
949 2336 1128 2426 deficiente
1143 2384 1236 2428 nun-

138 2482 240 2553 qnam
268 2463 528 2554 progignuntur.
577 2461 807 2546 Quamobrem
827 2463 977 2530 humidis
999 2469 1079 2532 anni
1099 2483 1237 2561 temposs

139 2576 232 2639 ribus
255 2574 312 2658 (in
334 2569 458 2637 nostris
488 2569 678 2636 climatibus
699 2590 782 2639 vere
807 2589 839 2639 et
860 2577 1041 2660 autumno)
1062 2575 1237 2669 ¹copiosis-

142 2678 220 2743 simi
249 2677 417 2759 oriuntur,
448 2695 481 2746 et
507 2680 715 2771 copiosiores
737 2681 875 2769 quidem
894 2680 948 2745 his
970 2682 1079 2763 annis,
1112 2684 1236 2772 quibus

142 2786 258 2876 pluvia
283 2784 495 2874 frequentior
518 2803 576 2854 est.
621 2788 830 2878 Simulatque
852 2787 932 2853 anni
951 2802 1083 2878 tempus
1108 2791 1236 2858 siccum

140 2895 269 2983 occipit
291 2908 324 2959 et
351 2893 511 2977 calidum,
544 2896 605 2963 illa
627 2895 793 2989 producta
818 2920 918 2986 saepe
950 2897 1130 2989 ephemera
1152 2923 1236 2964 eva-

140 3010 298 3082 nescunt,
321 3027 425 3091 quare
447 3020 572 3071 aestate
599 3004 680 3070 solis
702 3003 739 3069 in
759 3003 845 3072 locis
866 3005 1016 3072 humidis
1035 3019 1136 3093 atque
1157 3032 1236 3074 um-

139 3114 249 3179 brosis
271 3113 534 3202 conspiciuntur.
632 3147 635 3153 ·

323 3272 336 3300 Ο

629 3311 652 3388 s.
697 3309 745 3372 16.

223 3440 418 3530 Fungorum
439 3438 678 3505 formationem
694 3440 735 3504 ab
751 3438 867 3506 infimo
886 3442 929 3505 ad
944 3458 1110 3510 summum
1128 3468 1234 3534 usque

140 3550 281 3639 gradum
327 3543 579 3637 perquirentds,
616 3552 721 3614 totius
754 3547 852 3641 fungi
884 3549 1062 3616 essentiam
1088 3549 1235 3619 fructum

141 3681 213 3723 esse
234 3655 432 3747 reperimus.
464 3656 681 3745 Quapropter
701 3678 827 3745 organa
848 3656 1039 3723 essentialia
1051 3656 1235 3749 fungorum

139 3764 182 3829 ad
197 3765 492 3831 fructificationem
513 3764 692 3853 pertinent,
713 3763 846 3853 ipsique
860 3778 973 3854 partes
983 3778 1237 3856 repraesentant

136 3874 329 3960 plantarum
356 3869 598 3961 perfectiorum
620 3870 665 3936 ad
683 3870 979 3953 fructificationem
999 3875 1148 3943 maxime
1168 3903 1235 3946 ne-

139 3979 314 4044 cessarias.
368 3979 423 4046 Sic
462 3977 499 4044 in
539 3977 655 4045 infimo
701 3994 787 4045 statu
826 3981 987 4069 primario
1022 3981 1181 4073 Sporidia
1214 4012 1232 4055 e

138 4086 272 4153 cellulis
308 4086 464 4156 discretis
502 4084 735 4152 tenuissimum
770 4089 946 4177 pulverem
981 4091 1232 4176 proferentibus
