2744 4718
677 308 699 383 3

641 410 739 426 u

133 515 367 610 praecedentis
385 512 511 581 fortnas
525 509 677 578 breviter
694 509 808 589 iterat,
830 524 969 596 tumque
989 528 1073 574 vero
1090 504 1132 572 ad
1150 531 1232 596 per-

132 625 368 705 fectissimam,
390 647 490 711 quam
510 645 570 686 sua
593 616 790 687 conditione
808 616 997 706 producere
1013 615 1135 705 possit,
1156 612 1246 680 for-'¹

132 734 318 801 mationem
333 730 558 823 progreditur.
603 726 659 795 Sic
679 724 833 793 continui
849 723 939 814 cycli
955 725 1119 805 oriuntur,
1141 729 1233 790 mul-
1300 756 1304 761 ¹

134 841 177 908 tis
200 867 218 907 a
247 841 396 932 partibus
421 840 658 915 cohaerentes,
686 857 831 923 quorum
854 832 985 898 formae
1010 853 1127 897 omnes
1147 834 1232 898 aliae

134 950 173 1019 in
202 949 285 1016 alias
305 962 485 1016 transeunt.
531 944 732 1034 Congruunt
755 941 893 1032 quidem
910 945 1053 1012 formae,
1076 943 1234 1030 aquibus

138 1061 229 1147 cycli
248 1060 337 1124 inter
355 1082 391 1123 se
413 1057 635 1122 cohaerentes
654 1051 789 1117 initium
805 1052 947 1129 ducunt,
970 1050 1032 1114 sed
1047 1048 1252 1138 perfectio-.
1328 1120 1331 1125 ,

137 1191 192 1232 res
221 1172 287 1246 jam
311 1163 447 1232 nonnisi
472 1161 643 1253 parallelis
672 1158 760 1226 locis
780 1158 906 1246 positas
933 1154 1103 1237 videmus,
1134 1183 1232 1245 quam

137 1276 330 1362 parallelam
357 1270 614 1360 dispositionem
639 1268 677 1333 iu
697 1264 844 1331 diversis
868 1263 1020 1330 seriebus
1043 1287 1103 1330 seu
1128 1267 1234 1355 cyclis

135 1385 337 1472 analogiam
362 1400 534 1447 vocamus.

642 1567 665 1647 i·
708 1563 746 1629 4?

223 1703 269 1770 Hi
290 1702 448 1768 transitus
469 1714 569 1788 atque
588 1698 764 1786 analogiae
786 1712 820 1763 et
834 1691 1041 1787 generaliter
1052 1713 1089 1766 et
1103 1699 1236 1790 specia-

140 1815 218 1878 liter
235 1810 501 1876 manifestantur.
552 1802 701 1892 Singulis
721 1803 759 1869 in
781 1806 888 1894 cyclis
911 1811 1235 1896 cujusque-naturae
1264 1858 1271 1870 t

137 1920 236 2009 regni
248 1919 370 1985 eodem
383 1914 488 1981 modo
507 1925 678 2002 apparent,
701 1935 770 2001 quo
785 1914 823 1979 in
837 1914 920 2003 ipsis
938 1917 1052 2004 regnis
1069 1942 1135 1983 una
1150 1942 1234 1984 cca-

139 2025 305 2104 sideratis,
328 2024 512 2089 dummodo
527 2023 611 2087 haec
624 2043 730 2110 regua
743 2026 889 2104 majores
904 2027 1021 2113 cyclos
1036 2026 1137 2090 alium
1150 2015 1234 2093 alios

141 2136 341 2222 attingentes
362 2131 556 2195 habeamus.
600 2127 769 2217 Quodque
789 2130 881 2196 enim
896 2125 1038 2221 regnum
1051 2135 1088 2198 in
1105 2133 1250 2232 forma7'

142 2242 292 2310 tionibus
312 2237 478 2330 gradatim
495 2237 532 2303 in
548 2240 690 2302 alterum
701 2236 833 2316 transit,
855 2236 1034 2305 itaut·non
1051 2263 1130 2308 raro
1149 2244 1235 2308 hae-

141 2372 284 2429 reamus,
307 2346 481 2435 quomodo
495 2344 630 2410 termini
647 2343 874 2411 constituendi
891 2348 966 2412 sint.
1001 2347 1077 2432 Qua
1091 2349 1133 2416 de
1153 2375 1236 2417 cau-

141 2482 178 2525 sa
198 2456 402 2523 creberrime
423 2452 615 2520 dubitamus
634 2452 837 2543 praecipue,
853 2480 931 2521 oum
953 2456 1083 2523 infimas
1105 2458 1237 2526 forma—

143 2580 240 2630 tones
259 2563 436 2650 organicas
452 2559 664 2627 distributuri
679 2584 809 2647 sumus,
828 2578 941 2629 utrum
957 2569 1049 2631 certa
1066 2569 1237 2654 quaelibet

144 2668 305 2735 formatio
324 2669 552 2752 mineralibus,
574 2695 618 2737 an
629 2671 887 2762 vegetabilibus,
900 2696 944 2737 an
959 2672 1159 2740 animalibus
1173 2677 1237 2740 ad-

145 2776 354 2860 numeranda
380 2776 432 2841 sit.
480 2777 533 2843 De
559 2778 754 2870 Zoophytis
773 2795 902 2846 tantum
930 2779 1174 2870 Infusoriisque
1204 2802 1250 2850 et·

143 2884 269 2953 infimis
291 2887 481 2975 plantarum
498 2883 618 2953 formis
643 2911 809 2968 moneam,
833 2887 1016 2976 inquibus
1042 2894 1235 2980 separandis

144 2995 186 3060 ab
218 2993 295 3083 ipso
326 3007 438 3059 motus
463 2997 640 3084 spontanei
672 2998 866 3062 charactere
874 3043 888 3077 ,
925 2996 1007 3062 solis
1038 2998 1236 3067 animalibus

143 3103 300 3192 proprio,
321 3098 359 3166 in
383 3101 544 3192 ambiguo
562 3103 796 3191 relinquimur,
819 3127 896 3169 cum
915 3119 950 3170 et
967 3106 1035 3172 hoc
1055 3106 1147 3174 vitae
1160 3110 1237 3174 ani-

146 3209 243 3274 malis
267 3208 430 3275 indicium
462 3210 652 3300 primordio
682 3209 916 3300 imperfectum
938 3237 975 3279 se
1000 3214 1169 3296 ostendat,
1203 3232 1237 3280 et

149 3315 284 3382 nonnisi
302 3315 427 3382 sensim
449 3319 491 3381 ab
510 3317 721 3383 oscillatione
738 3319 829 3384 haud
841 3336 1028 3410 spontanea
1049 3322 1238 3390 infimarum

147 3423 388 3514 vegetabilium
407 3422 648 3491 formationum
670 3426 717 3492 ita
738 3450 774 3493 se
794 3428 944 3512 dirimt,
965 3445 1003 3495 ut
1023 3429 1237 3503 manifestum

146 3558 183 3599 se
197 3534 368 3623 praebeat,
395 3532 489 3620 quod
503 3530 593 3598 iufra
606 3524 703 3600 brevi
722 3535 973 3625 comparatione
986 3539 1235 3607 monstrabitur.

147 3640 300 3728 (Confer.
322 3649 347 3728 l.
364 3643 418 3716 24.
439 3639 482 3706 de
503 3639 720 3708 osculatos-ia
735 3644 852 3709 limosa
873 3646 964 3731 Ag.)

925 3853 933 3867 ο

450 3890 928 3918 m
