2744 4718
673 276 697 350 9

630 381 729 396 —Q

133 487 233 574 nulos
256 481 343 572 ligni
365 480 602 549 concentricos
622 478 789 547 efficiunt:
810 478 925 545 nullae
946 477 1067 542 harum
1092 478 1230 565 planta-

133 619 209 660 rum
227 590 375 658 ebulbis
395 604 594 663 nascuntur,
609 587 690 654 licet
717 587 932 676 quarundam
954 583 1088 651 radices
1109 585 1231 650 tubera

133 714 269 790 gerant,
292 723 379 788 quae
404 713 516 764 tamen
545 697 587 762 ab
609 696 651 764 iis
670 696 1081 785 Monocotyledonearuur
1100 692 1231 775 abhor7

132 823 239 877 reant.

215 919 377 983 Attamen
406 913 704 1005 Dicotyledoneae
730 936 793 1002 per
823 912 955 979 infimas
975 911 1103 980 formas
1131 908 1232 976 etiam

136 1025 181 1092 ad
202 1025 558 1121 Monocotyledoneas
570 1017 754 1103 ''rebedunt,
774 1021 918 1112 perinde
947 1036 1048 1111 atque
1066 1023 1131 1087 bae
1150 1042 1233 1109 gra-

136 1135 243 1201 datim
272 1135 463 1226 procedunt
494 1132 537 1199 ad
567 1134 653 1200 illas.
704 1131 876 1197 Intuentes
903 1122 1232 1222 enim'Polygoncas

137 1258 171 1309 et
198 1258 429 1335 comparantes
453 1265 634 1309 numerum
653 1238 817 1324 (triadem
841 1239 967 1326 ubique
989 1243 1233 1329 apparentem),

136 1368 314 1420 externam
352 1366 572 1428 structuram,
605 1347 815 1438 petiolorum
848 1345 1006 1436 vaginas,
1031 1346 1236 1438 perianthia,

133 1462 318 1554 praecipue
350 1474 462 1525 autem
495 1456 741 1547 perispermum
772 1453 957 1558 persistens
991 1479 1068 1522 cum
1091 1458 1235 1550 embryo

133 1568 371 1662 peripherico,
390 1568 448 1633 vel
469 1569 541 1646 ejus
572 1565 835 1656 cotyledonibus
853 1562 1000 1632 evolutis
1022 1579 1235 1633 transversa-

136 1676 216 1743 liter
243 1679 434 1755 trajectum,
459 1674 778 1747 -evidentissima
805 1674 906 1753 hujus
933 1669 1062 1739 inferae
1087 1669 1234 1737 familiae

137 1785 182 1850 ad
201 1782 553 1871 Monocotyledoneas
573 1770 859 1872 appropinquatio
876 1803 940 1847 nos
955 1783 1062 1861 latere
1076 1803 1146 1847 non
1166 1803 1236 1871 po-

135 1906 214 1974 test,
235 1914 439 1979 quamquam
460 1892 565 1956 caulis
594 1893 793 1980 plerumque
813 1890 1002 1956 herbaceus
1027 1905 1129 1957 strata
1147 1912 1235 1956 con·-

136 1997 287 2065 centrica
310 2023 329 2064 e
351 2000 489 2065 vasibus
512 1996 694 2089 spiralibus
723 1995 868 2065 formata
889 1999 1040 2066 continet
1056 2013 1091 2065 et
1105 1997 1237 2092 germi-
1275 1996 1277 2000 ’

126 2105 228 2171 'natio
244 2106 444 2197 conspicuas
460 2106 544 2173 duas
555 2109 779 2198 cotyledones
791 2107 932 2198 profert.
967 2106 1132 2174 Similiter
1141 2112 1236 2174 An·-

137 2216 321 2280 stelechiac
340 2216 378 2280 in
394 2214 616 2304 germinando
630 2216 711 2282 duas
726 2215 865 2305 quidem
885 2217 1108 2307 cotyledones
1129 2220 1232 2284 evol-

137 2338 274 2402 ventes,
304 2347 391 2411 quae
415 2339 527 2389 autem
547 2341 683 2403 eterra
698 2347 768 2391 non
792 2324 1029 2414 egrediuntur,
1050 2323 1232 2392 manifesto

137 2455 304 2498 consensu
326 2455 403 2498 cum
419 2433 764 2523 Monocotyledoneis
785 2434 963 2502 transitum
986 2434 1125 2502 alterius
1143 2437 1235 2503 clas-

138 2542 184 2607 sis
209 2540 246 2606 in
269 2542 408 2607 alteram
437 2540 591 2609 offerunt.
1175 2525 1177 2527 Ι

630 2739 652 2818 t.
697 2738 759 2801 12

222 2864 252 2929 E
274 2886 343 2953 quo
363 2862 547 2932 formarum
566 2866 652 2934 alius
673 2867 790 2934 classis
811 2865 849 2931 in
869 2866 968 2931 aliam
978 2866 1117 2932 transitu
1134 2867 1235 2934 i'acile
1280 2873 1287 2892 '

138 2962 287 3061 intelligi
310 2987 437 3061 potest,
459 2972 634 3064 utriusque
655 2973 784 3042 altioris
808 2975 923 3040 classis
944 2974 1075 3040 infimas
1106 2972 1234 3042 formas

137 3080 226 3146 inira
246 3079 471 3171 perfectiores
496 3082 724 3150 antecedentis
738 3083 956 3165 descendere,
978 3107 998 3147 a
1012 3084 1134 3171 quibus
1147 3107 1232 3152 vero

142 3190 324 3255 exordiens
346 3205 489 3280 utraque
514 3191 551 3257 in
567 3189 747 3258 formando
769 3215 876 3280 usque
895 3215 937 3259 eo
955 3192 1098 3283 proficit,
1121 3194 1236 3283 quoad
1310 3194 1313 3199 ’

142 3297 404 3388 perfectissimae
440 3304 513 3381 ejus
545 3297 675 3366 formae
707 3298 967 3388 perfectissimas
1004 3299 1234 3366 antecedentis

141 3422 312 3497 superent.
354 3408 438 3475 Cum
458 3430 561 3489 vero,
582 3421 621 3473 ut
646 3430 747 3496 supra
761 3407 914 3488 ostendi,
939 3424 1079 3475 naturae
1093 3431 1235 3496 regnum

139 3529 249 3582 totum
273 3530 405 3582 constet
432 3539 451 3580 e
474 3515 582 3606 cyclis
615 3516 705 3584 inter
723 3541 759 3584 se
778 3516 959 3598 connexis,
988 3515 1078 3582 utin
1100 3537 1236 3604 quoque
1285 3532 1292 3539 “

142 3627 255 3713 cyclo,
282 3623 330 3688 ita
351 3623 388 3689 in
412 3622 563 3711 qualibet
595 3628 701 3691 classe
724 3639 825 3715 atque
856 3623 993 3705 ordine,
1022 3621 1151 3691 familia
1172 3637 1224 3690 etc
1270 3654 1272 3659 ’

142 3746 295 3797 centrum
331 3731 514 3820 radiosque
550 3747 697 3800 statuere
728 3756 915 3823 possumus.
969 3729 1117 3813 Formis,
1150 3754 1236 3819 quae

142 3854 295 3906 centrum
323 3854 507 3930 occupant,
539 3842 713 3907 character
743 3842 856 3923 classi,
884 3840 999 3908 ordini
1028 3855 1089 3907 etc.
1116 3838 1238 3906 termi-

140 3962 239 4013 natus
267 3951 394 4038 optime
423 3932 624 4039 responden
648 3974 733 4038 quae
760 3950 875 4017 radios
902 3972 1003 4031 vero,
1026 3948 1069 4014 ad
1089 3949 1246 4038 reliquas·

143 4057 267 4123 classes
287 4055 437 4141 (ordines
459 4060 536 4145 etcz)
558 4057 768 4126 discedentes
789 4059 843 4126 his
860 4058 967 4153 magis
980 4058 1155 4148 magisque
1174 4083 1238 4148 ap-
