2744 4718
579 344 677 468 El.

335 548 518 628 couno
546 552 626 649 ‘vu
683 552 892 633 uuscu
938 584 940 588 2
1004 662 1007 668 Ι

506 716 526 793 I
557 692 585 819 s.
626 735 681 804 37.

153 869 280 936 Muscis
302 869 569 936 adnumerantur
580 870 737 959 plantae,
774 869 812 934 in
845 872 974 941 truncis
1004 886 1038 937 et
1064 870 1168 940 ramis

69 978 213 1060 foliosis,
235 979 384 1067 capsulas
404 972 674 1060 thecaeformes,
691 970 866 1045 se‘sninutis
889 984 1011 1069 (sporis
1031 981 1169 1068 Hedw.)

72 1087 199 1169 liberis,
219 1085 328 1167 nudis,
350 1099 516 1175 gerentes.
560 1084 713 1170 Quarum
728 1091 941 1178 capsularum
957 1089 1005 1155 ita
1021 1090 1059 1156 fit
1080 1111 1170 1158 con-

74 1197 240 1265 formatio.
289 1193 439 1263 Primum
466 1195 676 1286 conspicitur
695 1193 739 1261 iis
761 1195 1097 1287 Jungermanniarum
1118 1196 1171 1263 si-

73 1305 154 1372 mile
168 1303 349 1396 pistillum,
378 1304 476 1392 quod
503 1327 550 1370 ex
570 1299 697 1391 orario,
716 1306 868 1395 oblongo
890 1305 1050 1371 adbasin
1066 1309 1170 1395 paul-

71 1417 179 1480 lulum
210 1424 385 1480 attenuato
395 1448 411 1492 ,·
436 1415 609 1503 styloque
631 1411 809 1479 e‘duabus
839 1415 1038 1480 cellularum
1058 1416 1170 1480 stratis

70 1524 236 1603 formato,
256 1519 416 1609 stigmate
435 1519 755 1601 infundibuliformi,
777 1536 975 1603 concavato,
993 1521 1169 1605 instructo,

76 1645 227 1712 constat,
260 1643 294 1694 et
320 1629 488 1711 adonius
513 1633 619 1696 latera
650 1629 855 1720 pistillorum
888 1629 1082 1697 rudimenta
1103 1630 1171 1698 filis

78 1741 262 1807 articulatis
279 1739 477 1806 intermixta
502 1739 732 1808 ostenduntur.
779 1739 909 1807 Totum
928 1739 1092 1832 pistillum
1113 1755 1172 1807 tu-

74 1849 152 1917 nica
171 1851 332 1937 cellulosa
347 1862 497 1932 externa,
519 1848 622 1915 sicuti
636 1849 772 1915 sacculo
784 1847 880 1913 tenui
892 1853 986 1915 ‘arcte
1003 1848 1172 1917 inclusum

74 1973 108 2026 et
135 1957 233 2049 apice
254 1954 337 2047 styli
357 1969 487 2022 tantum
507 1956 541 2023 ei
560 1957 728 2022 adnutum.
765 1953 931 2024 Ovarium
945 1955 983 2022 in
1000 1959 1171 2050 pedicello

75 2065 197 2159 gracili
226 2063 501 2158 (setul'sensim
536 2062 704 2147 ascendit,
733 2089 802 2154 quo
831 2090 973 2132 ascensu
1006 2066 1172 2133 utriculns

76 2175 136 2241 ille
161 2174 435 2240 membranaceus
450 2173 619 2263 rumpitur
639 2171 791 2264 duasque
809 2173 973 2241 dividitur
991 2176 1028 2238 in
1047 2181 1171 2264 partes,
1207 2189 1209 2192 ’

80 2305 222 2373 quarum
242 2281 387 2348 inferior
406 2282 449 2349 ad
468 2281 567 2348 basin
587 2281 748 2372 pedicelli
772 2295 924 2348 remanet
945 2295 980 2347 et
997 2276 1090 2349 hunc
1107 2306 1174 2350 va-

76 2391 215 2482 ginulae
242 2392 348 2457 instar
365 2375 456 2457 arcio
483 2389 643 2474 includit,
677 2389 834 2480 superior
860 2406 972 2458 autem
995 2415 1071 2459 cum
1084 2413 1173 2460 ova-

74 2500 129 2568 rio
151 2523 285 2566 sursum
308 2498 458 2582 tollitur,
481 2504 621 2588 ejusque
646 2501 916 2590 grossificatione
941 2501 1104 2568 dilatatur
1132 2523 1172 2568 ac

77 2608 213 2674 tandem
235 2622 273 2673 ut
296 2609 451 2696 calyptra
472 2605 603 2673 fructus
633 2607 723 2699 apici
752 2608 937 2675 adhaerere
967 2613 1062 2676 solet.
1105 2611 1173 2678 Hic

79 2714 210 2781 fructus
234 2736 295 2781 teu
326 2717 411 2782 haec
436 2719 573 2811 capsula
607 2737 678 2782 non
711 2716 747 2780 in
773 2718 891 2782 valvas
911 2715 1079 2800 dehiscit,
1112 2717 1174 2783 sed

79 2822 224 2913 capsulis
261 2823 502 2892 circumscissis
544 2826 734 2916 plantarum
772 2822 1015 2913 perfectiorum
1046 2827 1107 2909 [(v.
1139 2847 1171 2915 gt

75 2934 315 3021 Plontnginis,
342 2937 550 3026 Hyoscyami
577 2935 653 3019 etc.)
676 2933 827 3020 analoga,
855 2933 1045 3022 operculo,-
1059 2948 1174 3000 sutura

76 3041 263 3108 orbiculari
282 3067 303 3108 a
324 3044 479 3132 capsulae
500 3058 595 3132 parte
619 3039 782 3107 inferiore
806 3024 971 3131 separato,
997 3041 1172 3126 instructa,

80 3164 115 3215 et
147 3151 195 3216 sic
227 3150 367 3240 quidem
388 3148 434 3216 'in
461 3149 504 3215 iis
539 3171 675 3238 quoque
705 3147 849 3232 Muscis,
876 3151 921 3217 de
947 3149 1069 3240 quibus
1098 3151 1174 3242 ipsa

83 3280 250 3347 nunquam
272 3258 404 3325 decidit
430 3261 476 3348 (v.
501 3282 529 3324 c.
551 3257 588 3322 in
609 3261 757 3340 Phosco,
786 3260 827 3324 V
822 3263 935 3348 citio).
967 3281 968 3285 ¹

161 3365 358 3434 Muscorum
383 3370 541 3458 capsula,
576 3381 737 3456 utsupra
766 3367 904 3447 monui,
932 3389 1002 3434 non
1024 3391 1174 3456 unquam

80 3472 290 3543 dehiscendo
311 3473 349 3540 in
368 3477 484 3542 valvas
513 3472 714 3559 sedirimi13
749 3475 810 3541 sed
833 3479 996 3566 operculo
1028 3476 1174 3558 dejecto,

77 3582 272 3650 ostenditur
308 3583 475 3650 orificium
506 3581 709 3648 orbiculare·
734 3585 792 3649 vel
831 3584 960 3650 nudum
995 3589 1046 3674 (v.
1079 3608 1108 3652 o.
1137 3585 1175 3650 in

78 3695 266 3783 Sphaguo‚
295 3693 564 3785 Gynaaostomo),
596 3691 653 3756 vel
674 3689 935 3773 denticulatum,
963 3707 997 3757 et
1023 3690 1084 3758 ubi
1106 3693 1173 3757 hoc

77 3804 237 3885 obvium,
260 3800 398 3892 capsula
422 3800 565 3889 analoga
584 3798 798 3890 conspicitur.
812 3822 890 3865 cum
912 3798 1058 3891 capsulis
1078 3798 1174 3889 apice

77 3911 239 3980 dentibus
276 3905 531 3977 dehiscentibus
565 3910 754 3997 plantarum
784 3888 1027 3998 perfectiorum
1059 3909 1110 3991 (v.
1145 3930 1173 3973 c.

81 4021 258 4106 Gerastii).
300 4017 348 4084 Hi
369 4018 503 4096 dentes,
529 4020 758 4104 peristomium
789 4015 990 4107 formantes,
1019 4015 1058 4082 in
1078 4015 1177 4082 Mus-

80 4148 201 4195 corum
218 4129 354 4219 capsula
374 4128 495 4192 multas
515 4127 679 4216 praebent
695 4139 728 4190 et
748 4124 878 4190 numeri
903 4139 937 4189 et
961 4125 1176 4192 formationis
1255 4113 1260 4122 ’

897 4240 952 4312 3*
