2744 4718
1020 310 1030 339 ἱ

610 356 660 429 37

81 560 276 628 afemineis
307 575 477 653 separata,
508 582 585 626 cum
613 558 735 648 quibus
764 582 1008 650 nonnunquam
1031 568 1180 645 conjun-

80 687 206 761 guntur
250 670 404 759 tumque*
429 667 554 733 florem
590 667 908 757 hermaphroditum
931 671 1179 761 praefigurant.

80 780 175 846 Haec
199 803 327 870 organa
351 774 513 847 nexualia,
529 797 613 841 vero
637 776 747 840 adhuc
767 776 804 840 in
824 775 1019 865 perianthio
1038 783 1179 871 proprio

80 910 152 954 non
174 887 324 968 inclusa,
346 884 408 951 sed
428 882 522 951 foliis
546 883 864 971 (perigeniolibus)
886 885 995 974 magis
1016 887 1178 962 confertis

80 1010 210 1061 tantum
247 994 452 1062 circumdata
475 1006 576 1079 atque
598 993 733 1057 obtecta
761 993 808 1078 ll).
860 992 937 1082 Ipsa
959 1009 1114 1062 constant
1136 1021 1181 1062 ex

81 1102 236 1169 utriculis
258 1100 446 1181 oellulosis,
468 1101 629 1181 clavatis,
658 1101 857 1189 plerumque
878 1102 1082 1187 incurvatis,
1108 1106 1181 1171 basi

82 1209 118 1274 in
137 1211 340 1301 pedicellum
362 1213 503 1276 brevem
526 1206 704 1273 attenuatis
725 1210 801 1294 **)‚
828 1223 863 1276 et
884 1209 1059 1278 continent
1086 1237 1181 1280 mas·

83 1341 152 1383 sam
188 1319 416 1408 gelatinoso-
430 1318 661 1406 granulosam‚
695 1315 817 1403 pollini
843 1320 1036 1408 analogum,
1075 1346 1180 1409 quae,

81 1425 235 1494 utriculis
257 1426 356 1518 apice
379 1424 418 1489 in
437 1424 592 1489 foramen
608 1422 687 1487 satis
700 1426 857 1512 amplum,
878 1428 1061 1492 rotundum
1076 1452 1180 1519 aper.

77 1534 138 1615 tis,
162 1542 298 1623 egressa
321 1532 453 1597 taeniae
476 1554 644 1621 vaporeae
665 1531 771 1597 instar
792 1533 977 1600 'effunditur
997 1539 1084 1624 Μ).

163 1641 322 1706 Immixta
343 1654 421 1705 sunt
437 1639 492 1706 his
510 1638 662 1705 utriculis
676 1638 1001 1706 antheraeformibus
1014 1644 1073 1708 fila
1092 1665 1177 1709 con·

82 1747 261 1816 fervoidea
291 1751 562 1840 (Paraphysee),
594 1771 680 1836 quae
709 1749 765 1814 vel
792 1772 874 1814 vere
901 1748 1075 1818 filiformia
1102 1767 1181 1819 sunt

81 1870 131 1936 et,
164 1856 264 1925 sicuti
294 1882 335 1922 ea
371 1856 461 1921 inter
492 1855 664 1921 Fuoorum
693 1868 827 1946 sporus,
850 1859 1039 1940 articulata,
1068 1864 1126 1928 vel
1159 1887 1178 1951 e

77 1967 227 2056 globulis
265 1966 355 2032 serie
388 1962 579 2045 conjunctis
614 1978 786 2047 constant,
825 1967 884 2053 qui
917 1965 1007 2032 intus
1039 1972 1180 2057 granula

79 2099 194 2164 sparsa
206 2075 375 2141 simulant.
416 2070 478 2139 Isti
491 2070 630 2138 utriculi
643 2072 946 2162 praefigurationes
958 2089 1089 2141 tantum
1102 2093 1181 2144 sunt

82 2204 290 2272 organorum
314 2184 557 2261 masculorum3
589 2204 668 2245 nam
691 2180 790 2247 nimis
811 2184 915 2272 longe
936 2184 1056 2249 absunt
1080 2209 1097 2248 a
1121 2185 1179 2252 fe-

81 2289 203 2355 mineis
231 2314 271 2356 ac
303 2289 402 2357 nimis
433 2305 524 2355 arcte
555 2287 649 2356 foliis
670 2288 937 2379 perigonialibus
967 2293 1176 2378 circumdati,

80 2421 181 2485 quam
209 2414 246 2464 ut
261 2386 370 2464 massa
391 2396 636 2486 mucilaginosa
657 2418 776 2463 eorum
796 2397 917 2489 stigma
934 2401 1056 2507 pistilli
1069 2404 1177 2469 attin-

79 2529 159 2596 gere
185 2508 302 2597 possit
352 2506 560 2594 Ceteroquin
581 2531 621 2573 ea
654 2505 729 2597 ipsa
748 2507 875 2597 pistilla
896 2509 1050 2579 abortiva
1077 2514 1176 2580 deci-

80 2615 163 2681 dere
193 2615 365 2696 videmus,
405 2616 466 2681 ubi
487 2614 524 2681 in
563 2616 734 2701 Splochno
772 2614 984 2703 ampullaceo
1016 2620 1175 2687 masculis

81 2723 274 2792 intermixta
291 2740 378 2806 sunt,
395 2725 475 2790 dum
487 2723 525 2790 in
538 2721 612 2788 aliis
627 2724 712 2787 haec
726 2742 859 2810 organa⁴
868 2724 905 2789 in
915 2724 1045 2790 fructus
1058 2750 1175 2794 ecres-

80 2846 175 2913 cunt,
197 2833 255 2900 ubi
276 2837 319 2901 ab
340 2833 408 2899 illis
429 2832 636 2919 parantheris
659 2831 796 2899 omnino
817 2845 948 2897 secreta
976 2849 1061 2899 sunt.
1083 2837 1174 2902 Pro-

76 2945 287 3032 pagulorum·
307 2945 485 3009 acervulos
520 2965 621 3031 supra
639 2938 771 3011 ¹citatos
801 2938 830 3004 si
850 2939 986 3029 organis
1014 2947 1173 3012 masculis

77 3052 344 3130 adnumeremus,
362 3055 428 3131 jam
443 3022 572 3116 liberie
585 3048 722 3140 pollinis
735 3047 905 3116 vesiculae
921 3051 1071 3119 habendi
1084 3069 1171 3136 sunt,

77 3158 126 3223 ita
142 3173 178 3225 ut
197 3184 276 3226 cum
291 3159 429 3250 pollinis
443 3174 609 3248 spermate
620 3160 809 3248 plantarum
822 3157 1065 3248 perfectiorum
1085 3186 1172 3230 oon-

79 3266 210 3334 ferendi
237 3283 337 3356 atque
369 3267 506 3359 organis
532 3264 690 3335 masculis
720 3269 902 3333 multarum
922 3266 1171 3338 Orchidearum

80 3389 112 3440 et
131 3376 433 3464 Asclepiadearum
454 3375 587 3463 analogi
613 3373 687 3446 sint.

74 3602 270 3622 Q

140 3754 172 3816 ⁴¹)
191 3753 297 3805 Mirbel
314 3755 332 3808 l.
351 3768 374 3802 c.
393 3747 451 3818 Fig.
471 3749 496 3815 2,
517 3751 547 3802 B.

141 3850 187 3912 ’Ἴ
204 3847 334 3920 Sprengel
349 3847 367 3900 l.
388 3861 412 3898 c.
431 3843 497 3897 Tab.
517 3845 543 3896 4.
562 3843 622 3913 Fig.
642 3843 686 3910 78,
704 3843 759 3897 80..
777 3872 812 3882 -—
829 3846 955 3913 Hedwig,
967 3842 1079 3911 Species
1089 3843 1171 3899 Mur-

69 3963 169 4002 corum
188 3945 402 4011 mendosorum,
420 3939 462 3995 ed.
482 3941 705 4010 Schwaegriclzen.
741 3937 810 3992 Sect.
831 3936 850 3988 1.
880 3934 942 3992 rab.
970 3939 1031 3992 XV.
1059 3938 1118 4013 aig.
1138 3940 1165 3993 8.
1206 3980 1208 3984 ⁴

70 4038 420 4110 mmmmm

145 4127 741 4201 wmwamnman
