2744 4718
594 373 698 492 -2-1·

98 569 347 654 transversales‚
367 574 428 639 sed
444 573 639 640 immediate
660 588 830 664 pertotas
859 573 1004 649 duorum
1030 575 1197 643 articulo-

97 712 173 752 rnm
190 681 433 772 longitudines,
452 707 537 771 quac
559 684 624 747 subs
640 681 858 771 copulatione
867 680 970 757 arcte
976 683 1196 771 agglutinari*

99 811 155 861 tur
164 796 256 874 3⁷--fila
288 809 413 871 autem,
442 790 502 855 ubi
530 816 595 880 per
618 790 759 879 aliquod
785 790 948 901 temporis
975 793 1120 880 spatium
1147 793 1196 859 ita

99 900 294 967 immediate
316 904 494 980 conjuncta
505 898 642 979 fuerint,
671 898 708 963 in
728 898 892 988 geniculis
909 901 1048 965 tandem
1068 901 1198 993 dissol-

100 1027 228 1078 vuntur
247 1025 280 1074 et
295 1008 426 1097 angulis
438 1001 441 1007 ‘
453 1006 591 1074 alternis
619 1006 769 1074 invicem
797 1005 903 1074 modo
925 1008 1050 1074 leviter
1068 1011 1199 1075 cohae-

102 1134 188 1199 rent,
209 1118 247 1183 in
266 1123 435 1207 quo'statn
453 1131 490 1182 ut
510 1115 700 1208 plurimum
717 1096 950 1182 ebsewantur.
993 1115 1050 1185 Sic
1069 1102 1198 1202 natura,

102 1252 223 1317 magna
249 1252 363 1294 rerum
390 1240 515 1304 mater,
548 1226 586 1289 in
623 1222 784 1312 operibus
811 1222 1127 1302 misi-inexhausta.
1155 1263 1199 1278 --

102 1335 210 1420 Quam
235 1336 468 1426 crystallinam
490 1329 722 1396 conditionem
743 1330 854 1420 Algeae
876 1331 1048 1399 inferioris
1065 1334 1199 1401 fornia-

100 1445 203 1511 tionis
224 1467 296 1509 non
318 1444 429 1506 solnm
454 1433 668 1504 manifestant
691 1438 727 1504 in
756 1439 839 1507 totis
866 1440 933 1508 filis
948 1447 951 1459 '
964 1442 1198 1524 conserendis,

102 1579 205 1642 quae,
233 1554 295 1617 ubi
316 1551 379 1614 sub
405 1550 497 1613 lente
515 1548 748 1626 observantur,
764 1562 801 1613 ut
816 1547 999 1638 plurimum
1013 1551 1199 1639 perlucidis

102 1659 239 1728 tabellis
265 1655 438 1747 quadratis
464 1654 606 1736 similia,
632 1653 765 1744 saepius
785 1657 1012 1745 pulcherrime
1033 1674 1067 1725 et
1087 1659 1200 1749 insig-

102 1770 192 1835 niter
209 1781 285 1833 sunt
311 1766 417 1856 picta3
440 1764 502 1829 sed
528 1765 767 1829 nonnullarum
797 1765 854 1829 vel
878 1763 1010 1853 singula
1030 1768 1088 1832 fila
1114 1792 1200 1859 cry.

101 1877 267 1944 stallinam
286 1879 495 1961 'compagem
526 1864 717 1937 ostendunt
773 1870 815 1937 In
837 1875 1030 1940 Diatomatc
1052 1879 1198 1944 Swurzii

100 1987 173 2074 Ag.
200 1983 256 2048 lila
290 1980 428 2048 cultello
463 1979 525 2043 sub
558 1979 649 2062 lente
672 1975 826 2047 diffracta
853 1983 912 2047 vel
941 1983 1047 2049 modo
1078 1986 1200 2052 leviter

101 2107 199 2171 tacta,
233 2090 271 2155 in
306 2087 471 2179 genicidis
501 2083 571 2150 suis
601 2109 621 2150 a
649 2110 685 2151 se
711 2083 860 2153 invicem
884 2089 997 2156 subito
1030 2091 1199 2159 dissiliunt

104 2217 138 2266 et
159 2195 292 2264 articuli
321 2194 447 2285 singuli
466 2192 623 2261 dissoluti
639 2192 785 2263 formam
803 2218 912 2287 ocyus
928 2196 1073 2266 induunt
1089 2201 1199 2268 trian-
1259 2221 1263 2232 ’
1302 2210 1305 2216 “

103 2309 270 2397 gnlarem,
298 2301 451 2394 apicibus
476 2300 605 2370 obtusis
627 2304 674 2389 *).
710 2364 715 2370 .

590 2505 613 2585 t.
655 2503 707 2567 24.

187 2629 318 2715 meus
328 2631 433 2721 igitur
453 2631 712 2700 formationibus
733 2635 844 2722 Algae
861 2633 953 2718 inter
970 2656 1115 2723 regnum
1127 2635 1198 2701 mi-

104 2742 218 2805 nerale
250 2755 284 2805 et
303 2741 493 2830 vegetabile
512 2734 673 2807 medium
690 2764 763 2805 esse
786 2739 954 2806 videntur.
981 2742 1042 2805 Ad
1055 2739 1197 2826 formas,

103 2872 190 2935 quae
216 2847 420 2937 singularem
450 2850 539 2914 hanc
566 2851 756 2939 plantarum
777 2845 964 2911 sectionem
986 2870 1063 2913 cum
1088 2854 1196 2937 regno

102 2953 241 3019 animali
259 2958 476 3044 conjungunt,
495 2955 728 3045 praesertime
747 2958 1047 3048 Soleniatisplures
1062 2959 1194 3050 species

101 3064 394 3130 Oscillatoriarum
415 3063 585 3154 pertinent
607 3089 635 3130 e.
661 3089 710 3154 gr.
744 3064 962 3134 Oscillatoria
983 3072 1101 3151 limosa
1118 3056 1194 3158 Ag.

102 3195 195 3258 quae,
221 3172 250 3237 si
278 3175 415 3239 chartae
436 3177 506 3239 ¹sub
532 3199 621 3264 aqua
645 3158 846 3263 imponitur,
869 3178 979 3244 celere
998 3178 1195 3269 incremen-

105 3293 172 3344 tum
201 3280 291 3370 capit
315 3296 348 3347 et
368 3281 427 3347 fila
450 3281 628 3372 pollicaria
662 3295 695 3348 et
720 3284 807 3348 ultra
837 3308 1031 3372 peruuam
1060 3301 1196 3351 noctem

104 3387 258 3455 emittere
281 3402 415 3480 potest,
444 3391 529 3455 haec
553 3389 610 3454 fila
638 3391 700 3456 sub
731 3394 823 3457 lente
848 3392 970 3458 mirum
997 3391 1034 3456 in
1055 3392 1205 3459 modum

101 3496 259 3562 oscillant
281 3499 339 3563 vel
371 3520 446 3562 seso
470 3498 643 3577 moutam,
681 3497 787 3589 idque
808 3499 846 3564 in
879 3520 996 3566 omnes
1020 3513 1133 3587 partes
1162 3513 1197 3564 et

99 3602 324 3687 directiones,
356 3603 420 3672 vix
449 3620 559 3671 autem
590 3607 722 3696 singula
744 3606 910 3688 solitarie,
947 3608 1008 3672 sed
1027 3629 1093 3670 una
1119 3606 1196 3672 vice

98 3713 168 3779 duo
198 3716 257 3781 vel
286 3717 384 3805 plura
413 3714 561 3782 invicem
592 3715 679 3782 hanc
713 3713 892 3781 oscillandi
921 3713 993 3781 vim
1023 3728 1194 3779 exserunt.

99 3820 156 3888 Ob
188 3825 277 3890 hanc
299 3824 493 3889 facultatem
517 3823 577 3890 alii
604 3848 644 3889 ea
664 3839 760 3888 erant
791 3821 973 3912 opinione,
999 3819 1195 3888 Osoillato-
1282 3820 1295 3837 ‘

100 3981 309 3997 Μ

159 4052 197 4114 1’·)
216 4052 327 4110 Confer.
349 4059 468 4128 lyngbye,
488 4057 637 4111 Tentamen
656 4054 925 4129 Hydropbytologiae
936 4053 1069 4121 Denicaa
1089 4075 1116 4128 p.
1132 4057 1192 4111 178.

95 4148 164 4202 rab.
183 4149 227 4202 61.
246 4150 277 4203 F.
297 4154 328 4231 1,
341 4168 397 4222 sqq.
417 4181 451 4192 -·
