<?xml version="1.0" encoding="UTF-8"?>
<!DOCTYPE html PUBLIC "-//W3C//DTD XHTML 1.0 Transitional//EN"
    "http://www.w3.org/TR/xhtml1/DTD/xhtml1-transitional.dtd">
<html xmlns="http://www.w3.org/1999/xhtml" xml:lang="en" lang="en">
 <head>
  <title>
</title>
<meta http-equiv="Content-Type" content="text/html;charset=utf-8" />
  <meta name='ocr-system' content='tesseract 3.04.00' />
  <meta name='ocr-capabilities' content='ocr_page ocr_carea ocr_par ocr_line ocrx_word'/>
</head>
<body>
  <div class='ocr_page' id='page_1' title='image "./deplantarumprae00biscgoog_0055.png"; bbox 0 0 2744 4718; ppageno 0'>
   <div class='ocr_carea' id='block_1_1' title="bbox 728 323 781 400">
    <p class='ocr_par' dir='ltr' id='par_1_1' title="bbox 728 323 781 400">
     <span class='ocr_line' id='line_1_1' title="bbox 728 323 781 400; baseline 0 -46"><span class='ocrx_word' id='word_1_1' title='bbox 728 323 781 400; x_wconf 66' lang='lat'>4,</span> 
     </span>
    </p>
   </div>
   <div class='ocr_carea' id='block_1_2' title="bbox 204 529 1303 626">
    <p class='ocr_par' dir='ltr' id='par_1_2' title="bbox 204 529 1303 626">
     <span class='ocr_line' id='line_1_2' title="bbox 204 529 1303 626; baseline 0.003 -29"><span class='ocrx_word' id='word_1_2' title='bbox 204 554 241 597; x_wconf 89' lang='lat' dir='ltr'>se</span> <span class='ocrx_word' id='word_1_3' title='bbox 263 529 419 622; x_wconf 90' lang='lat' dir='ltr'>aperiunt</span> <span class='ocrx_word' id='word_1_4' title='bbox 428 530 475 614; x_wconf 57' lang='grc' dir='ltr'>ἣ.</span> <span class='ocrx_word' id='word_1_5' title='bbox 506 532 803 626; x_wconf 77' lang='lat' dir='ltr'>Stachyopterides</span> <span class='ocrx_word' id='word_1_6' title='bbox 817 531 967 620; x_wconf 88' lang='lat' dir='ltr'>propriis</span> <span class='ocrx_word' id='word_1_7' title='bbox 982 531 1131 622; x_wconf 79' lang='lat' dir='ltr'>inspicis</span> <span class='ocrx_word' id='word_1_8' title='bbox 1149 534 1303 622; x_wconf 80' lang='lat' dir='ltr'><strong>capsulas</strong></span> 
     </span>
    </p>
   </div>
   <div class='ocr_carea' id='block_1_3' title="bbox 106 638 1303 1259">
    <p class='ocr_par' dir='ltr' id='par_1_3' title="bbox 106 638 1302 837">
     <span class='ocr_line' id='line_1_3' title="bbox 204 638 1302 731; baseline 0.002 -26"><span class='ocrx_word' id='word_1_9' title='bbox 204 644 339 721; x_wconf 78' lang='lat' dir='ltr'>laeves,</span> <span class='ocrx_word' id='word_1_10' title='bbox 371 639 640 704; x_wconf 88' lang='lat' dir='ltr'>transversaliter</span> <span class='ocrx_word' id='word_1_11' title='bbox 669 638 884 705; x_wconf 85' lang='lat' dir='ltr'>dehiscentes</span> <span class='ocrx_word' id='word_1_12' title='bbox 920 647 1042 728; x_wconf 83' lang='lat' dir='ltr'>gerunt</span> <span class='ocrx_word' id='word_1_13' title='bbox 1063 644 1136 727; x_wconf 56' lang='lat' dir='ltr'>ss),</span> <span class='ocrx_word' id='word_1_14' title='bbox 1165 666 1232 731; x_wconf 89' lang='lat' dir='ltr'>qua</span> <span class='ocrx_word' id='word_1_15' title='bbox 1263 666 1302 707; x_wconf 89' lang='lat' dir='ltr'>re</span> 
     </span>
     <span class='ocr_line' id='line_1_4' title="bbox 106 746 1019 837; baseline 0 -22"><span class='ocrx_word' id='word_1_16' title='bbox 106 789 109 795; x_wconf 67' lang='grc'><em>»</em></span> <span class='ocrx_word' id='word_1_17' title='bbox 203 749 328 816; x_wconf 86' lang='lat' dir='ltr'>Filices</span> <span class='ocrx_word' id='word_1_18' title='bbox 347 771 423 813; x_wconf 92' lang='lat' dir='ltr'>cum</span> <span class='ocrx_word' id='word_1_19' title='bbox 436 746 635 835; x_wconf 83' lang='lat' dir='ltr'>insequente</span> <span class='ocrx_word' id='word_1_20' title='bbox 657 747 780 814; x_wconf 83' lang='lat' dir='ltr'>ordine</span> <span class='ocrx_word' id='word_1_21' title='bbox 801 752 1019 837; x_wconf 82' lang='lat' dir='ltr'>conjungunt.</span> 
     </span>
    </p>

    <p class='ocr_par' dir='ltr' id='par_1_4' title="bbox 203 855 1303 1259">
     <span class='ocr_line' id='line_1_5' title="bbox 285 855 1302 944; baseline 0 -22"><span class='ocrx_word' id='word_1_22' title='bbox 285 857 459 944; x_wconf 86' lang='lat' dir='ltr'>Nusquam</span> <span class='ocrx_word' id='word_1_23' title='bbox 488 855 700 923; x_wconf 82' lang='lat' dir='ltr'>formationis</span> <span class='ocrx_word' id='word_1_24' title='bbox 727 855 865 921; x_wconf 83' lang='lat' dir='ltr'>iteratio</span> <span class='ocrx_word' id='word_1_25' title='bbox 903 855 1066 923; x_wconf 89' lang='lat' dir='ltr'>serierum</span> <span class='ocrx_word' id='word_1_26' title='bbox 1100 855 1302 923; x_wconf 85' lang='lat' dir='ltr'>inferiorum</span> 
     </span>
     <span class='ocr_line' id='line_1_6' title="bbox 205 963 1303 1060; baseline 0.003 -32"><span class='ocrx_word' id='word_1_27' title='bbox 205 977 239 1028; x_wconf 88' lang='lat' dir='ltr'>et</span> <span class='ocrx_word' id='word_1_28' title='bbox 279 964 518 1055; x_wconf 81' lang='lat' dir='ltr'>praefiguratio</span> <span class='ocrx_word' id='word_1_29' title='bbox 560 966 774 1056; x_wconf 89' lang='lat' dir='ltr'>superiorum</span> <span class='ocrx_word' id='word_1_30' title='bbox 818 964 920 1060; x_wconf 86' lang='lat' dir='ltr'>adeo·</span> <span class='ocrx_word' id='word_1_31' title='bbox 944 963 1148 1052; x_wconf 89' lang='lat' dir='ltr'>conspicua,</span> <span class='ocrx_word' id='word_1_32' title='bbox 1192 979 1230 1029; x_wconf 89' lang='lat' dir='ltr'>ut</span> <span class='ocrx_word' id='word_1_33' title='bbox 1264 965 1303 1031; x_wconf 91' lang='lat' dir='ltr'>in</span> 
     </span>
     <span class='ocr_line' id='line_1_7' title="bbox 203 1066 1303 1164; baseline 0.002 -26"><span class='ocrx_word' id='word_1_34' title='bbox 203 1073 378 1155; x_wconf 86' lang='lat' dir='ltr'>Filieibus,</span> <span class='ocrx_word' id='word_1_35' title='bbox 400 1096 486 1160; x_wconf 89' lang='lat' dir='ltr'>quae</span> <span class='ocrx_word' id='word_1_36' title='bbox 506 1072 609 1164; x_wconf 86' lang='lat' dir='ltr'>igitur</span> <span class='ocrx_word' id='word_1_37' title='bbox 628 1073 718 1141; x_wconf 90' lang='lat' dir='ltr'>inter</span> <span class='ocrx_word' id='word_1_38' title='bbox 736 1066 880 1164; x_wconf 86' lang='lat' dir='ltr'>primam</span> <span class='ocrx_word' id='word_1_39' title='bbox 902 1085 935 1138; x_wconf 88' lang='lat' dir='ltr'>et</span> <span class='ocrx_word' id='word_1_40' title='bbox 949 1071 1138 1139; x_wconf 88' lang='lat' dir='ltr'>secundam</span> <span class='ocrx_word' id='word_1_41' title='bbox 1164 1076 1303 1164; x_wconf 87' lang='lat' dir='ltr'>planta-</span> 
     </span>
     <span class='ocr_line' id='line_1_8' title="bbox 205 1183 749 1259; baseline 0 -6"><span class='ocrx_word' id='word_1_42' title='bbox 205 1208 281 1253; x_wconf 90' lang='lat' dir='ltr'>rum</span> <span class='ocrx_word' id='word_1_43' title='bbox 314 1189 456 1254; x_wconf 85' lang='lat' dir='ltr'>classem</span> <span class='ocrx_word' id='word_1_44' title='bbox 486 1183 636 1259; x_wconf 82' lang='lat' dir='ltr'>medium</span> <span class='ocrx_word' id='word_1_45' title='bbox 660 1196 749 1253; x_wconf 85' lang='lat' dir='ltr'>sunt.</span> 
     </span>
    </p>
   </div>
   <div class='ocr_carea' id='block_1_4' title="bbox 272 1638 1208 1776">
    <p class='ocr_par' dir='ltr' id='par_1_5' title="bbox 272 1638 1208 1776">
     <span class='ocr_line' id='line_1_9' title="bbox 272 1638 1208 1776; baseline 0.001 -18"><span class='ocrx_word' id='word_1_46' title='bbox 272 1679 464 1776; x_wconf 81' lang='lat' dir='ltr'>¹ormo</span> <span class='ocrx_word' id='word_1_47' title='bbox 496 1683 603 1763; x_wconf 83' lang='lat' dir='ltr'>v111.</span> <span class='ocrx_word' id='word_1_48' title='bbox 655 1638 1208 1762; x_wconf 69' lang='lat' dir='ltr'>arcoromacsns</span> 
     </span>
    </p>
   </div>
   <div class='ocr_carea' id='block_1_5' title="bbox 688 1864 806 1944">
    <p class='ocr_par' dir='ltr' id='par_1_6' title="bbox 688 1864 806 1944">
     <span class='ocr_line' id='line_1_10' title="bbox 688 1864 806 1944; baseline -0.017 -16"><span class='ocrx_word' id='word_1_49' title='bbox 688 1866 712 1944; x_wconf 73' lang='lat' dir='ltr'>s.</span> <span class='ocrx_word' id='word_1_50' title='bbox 756 1864 806 1928; x_wconf 84' lang='lat' dir='ltr'>so.</span> 
     </span>
    </p>
   </div>
   <div class='ocr_carea' id='block_1_6' title="bbox 203 1991 1310 3718">
    <p class='ocr_par' dir='ltr' id='par_1_7' title="bbox 204 1991 1300 2300">
     <span class='ocr_line' id='line_1_11' title="bbox 285 1991 1300 2082; baseline -0.004 -19"><span class='ocrx_word' id='word_1_51' title='bbox 285 1994 377 2064; x_wconf 90' lang='lat' dir='ltr'>Huic</span> <span class='ocrx_word' id='word_1_52' title='bbox 399 1991 514 2060; x_wconf 89' lang='lat' dir='ltr'>ordini</span> <span class='ocrx_word' id='word_1_53' title='bbox 533 1994 669 2082; x_wconf 90' lang='lat' dir='ltr'>plantae</span> <span class='ocrx_word' id='word_1_54' title='bbox 681 1991 926 2074; x_wconf 87' lang='lat' dir='ltr'>adscribuntur,</span> <span class='ocrx_word' id='word_1_55' title='bbox 949 1991 1300 2082; x_wconf 79' lang='lat' dir='ltr'>quaequodammodo</span> 
     </span>
     <span class='ocr_line' id='line_1_12' title="bbox 205 2099 1300 2195; baseline -0.007 -22"><span class='ocrx_word' id='word_1_56' title='bbox 205 2107 335 2195; x_wconf 84' lang='lat' dir='ltr'>caulem</span> <span class='ocrx_word' id='word_1_57' title='bbox 346 2101 541 2168; x_wconf 88' lang='lat' dir='ltr'>Muscorum</span> <span class='ocrx_word' id='word_1_58' title='bbox 554 2112 588 2164; x_wconf 87' lang='lat' dir='ltr'>et</span> <span class='ocrx_word' id='word_1_59' title='bbox 607 2100 758 2191; x_wconf 85' lang='lat' dir='ltr'>capsulas</span> <span class='ocrx_word' id='word_1_60' title='bbox 772 2099 916 2168; x_wconf 88' lang='lat' dir='ltr'>Filicum</span> <span class='ocrx_word' id='word_1_61' title='bbox 929 2102 1056 2167; x_wconf 90' lang='lat' dir='ltr'>habent</span> <span class='ocrx_word' id='word_1_62' title='bbox 1072 2116 1106 2167; x_wconf 88' lang='lat' dir='ltr'>et</span> <span class='ocrx_word' id='word_1_63' title='bbox 1115 2102 1181 2167; x_wconf 91' lang='lat' dir='ltr'>hoc</span> <span class='ocrx_word' id='word_1_64' title='bbox 1193 2101 1300 2166; x_wconf 91' lang='lat' dir='ltr'>modo</span> 
     </span>
     <span class='ocr_line' id='line_1_13' title="bbox 204 2205 1107 2300; baseline -0.008 -19"><span class='ocrx_word' id='word_1_65' title='bbox 204 2228 380 2300; x_wconf 88' lang='lat' dir='ltr'>utramque</span> <span class='ocrx_word' id='word_1_66' title='bbox 400 2211 488 2274; x_wconf 89' lang='lat' dir='ltr'>hanc</span> <span class='ocrx_word' id='word_1_67' title='bbox 514 2205 638 2273; x_wconf 91' lang='lat' dir='ltr'>seriem</span> <span class='ocrx_word' id='word_1_68' title='bbox 664 2231 741 2275; x_wconf 91' lang='lat' dir='ltr'>cum</span> <span class='ocrx_word' id='word_1_69' title='bbox 765 2210 872 2274; x_wconf 89' lang='lat' dir='ltr'>altera</span> <span class='ocrx_word' id='word_1_70' title='bbox 892 2213 1107 2299; x_wconf 84' lang='lat' dir='ltr'>conjungunt.</span> 
     </span>
    </p>

    <p class='ocr_par' dir='ltr' id='par_1_8' title="bbox 203 2315 1310 3718">
     <span class='ocr_line' id='line_1_14' title="bbox 285 2315 1305 2411; baseline -0.005 -25"><span class='ocrx_word' id='word_1_71' title='bbox 285 2316 625 2411; x_wconf 87' lang='lat' dir='ltr'>Lycopodiacearum</span> <span class='ocrx_word' id='word_1_72' title='bbox 652 2316 767 2399; x_wconf 91' lang='lat' dir='ltr'>caulis,</span> <span class='ocrx_word' id='word_1_73' title='bbox 789 2316 849 2407; x_wconf 90' lang='lat' dir='ltr'>qui</span> <span class='ocrx_word' id='word_1_74' title='bbox 869 2333 903 2384; x_wconf 90' lang='lat' dir='ltr'>et</span> <span class='ocrx_word' id='word_1_75' title='bbox 923 2318 1027 2410; x_wconf 87' lang='lat' dir='ltr'>stipes</span> <span class='ocrx_word' id='word_1_76' title='bbox 1051 2315 1218 2399; x_wconf 85' lang='lat' dir='ltr'>elrondis„</span> <span class='ocrx_word' id='word_1_77' title='bbox 1235 2340 1305 2405; x_wconf 90' lang='lat' dir='ltr'>pa·-</span> 
     </span>
     <span class='ocr_line' id='line_1_15' title="bbox 203 2422 1301 2519; baseline -0.005 -23"><span class='ocrx_word' id='word_1_78' title='bbox 203 2433 349 2509; x_wconf 87' lang='lat' dir='ltr'>leaceus,</span> <span class='ocrx_word' id='word_1_79' title='bbox 371 2431 466 2510; x_wconf 87' lang='lat' dir='ltr'>cujus</span> <span class='ocrx_word' id='word_1_80' title='bbox 487 2431 604 2519; x_wconf 85' lang='lat' dir='ltr'>paleae</span> <span class='ocrx_word' id='word_1_81' title='bbox 619 2424 861 2516; x_wconf 85' lang='lat' dir='ltr'>perfectiorem</span> <span class='ocrx_word' id='word_1_82' title='bbox 877 2427 1019 2517; x_wconf 85' lang='lat' dir='ltr'>adeptae</span> <span class='ocrx_word' id='word_1_83' title='bbox 1031 2426 1104 2493; x_wconf 82' lang='lat' dir='ltr'>sint</span> <span class='ocrx_word' id='word_1_84' title='bbox 1119 2422 1301 2492; x_wconf 86' lang='lat' dir='ltr'>formatio-</span> 
     </span>
     <span class='ocr_line' id='line_1_16' title="bbox 204 2533 1300 2626; baseline -0.003 -22"><span class='ocrx_word' id='word_1_85' title='bbox 204 2558 305 2618; x_wconf 88' lang='lat' dir='ltr'>nem,</span> <span class='ocrx_word' id='word_1_86' title='bbox 335 2535 457 2601; x_wconf 89' lang='lat' dir='ltr'>haberi</span> <span class='ocrx_word' id='word_1_87' title='bbox 485 2534 593 2626; x_wconf 89' lang='lat' dir='ltr'>possit</span> <span class='ocrx_word' id='word_1_88' title='bbox 613 2538 665 2622; x_wconf 71' lang='lat'>*),</span> <span class='ocrx_word' id='word_1_89' title='bbox 687 2550 800 2600; x_wconf 90' lang='lat' dir='ltr'>tamen</span> <span class='ocrx_word' id='word_1_90' title='bbox 820 2533 938 2599; x_wconf 91' lang='lat' dir='ltr'>habitu</span> <span class='ocrx_word' id='word_1_91' title='bbox 957 2534 1140 2601; x_wconf 84' lang='lat' dir='ltr'>maximam</span> <span class='ocrx_word' id='word_1_92' title='bbox 1160 2558 1242 2626; x_wconf 90' lang='lat' dir='ltr'>prae</span> <span class='ocrx_word' id='word_1_93' title='bbox 1264 2557 1300 2601; x_wconf 88' lang='lat' dir='ltr'>se</span> 
     </span>
     <span class='ocr_line' id='line_1_17' title="bbox 204 2641 1304 2724; baseline -0.002 -13"><span class='ocrx_word' id='word_1_94' title='bbox 204 2643 273 2713; x_wconf 85' lang='lat' dir='ltr'>fert</span> <span class='ocrx_word' id='word_1_95' title='bbox 293 2643 549 2712; x_wconf 90' lang='lat' dir='ltr'>similitudinem</span> <span class='ocrx_word' id='word_1_96' title='bbox 571 2669 648 2712; x_wconf 93' lang='lat' dir='ltr'>cum</span> <span class='ocrx_word' id='word_1_97' title='bbox 660 2643 856 2710; x_wconf 89' lang='lat' dir='ltr'>Muscorum</span> <span class='ocrx_word' id='word_1_98' title='bbox 873 2644 978 2724; x_wconf 88' lang='lat' dir='ltr'>caule,</span> <span class='ocrx_word' id='word_1_99' title='bbox 991 2641 1158 2711; x_wconf 89' lang='lat' dir='ltr'>solitarias</span> <span class='ocrx_word' id='word_1_100' title='bbox 1173 2657 1304 2709; x_wconf 89' lang='lat' dir='ltr'>tantum</span> 
     </span>
     <span class='ocr_line' id='line_1_18' title="bbox 205 2749 1306 2836; baseline -0.003 -16"><span class='ocrx_word' id='word_1_101' title='bbox 205 2749 374 2820; x_wconf 86' lang='lat' dir='ltr'>radiculas</span> <span class='ocrx_word' id='word_1_102' title='bbox 395 2749 627 2819; x_wconf 85' lang='lat' dir='ltr'>cirrhiformes</span> <span class='ocrx_word' id='word_1_103' title='bbox 653 2751 841 2836; x_wconf 82' lang='lat' dir='ltr'>emittente3</span> <span class='ocrx_word' id='word_1_104' title='bbox 862 2750 924 2816; x_wconf 90' lang='lat' dir='ltr'>sed</span> <span class='ocrx_word' id='word_1_105' title='bbox 945 2773 1018 2818; x_wconf 91' lang='lat' dir='ltr'>non</span> <span class='ocrx_word' id='word_1_106' title='bbox 1041 2776 1060 2818; x_wconf 89' lang='lat' dir='ltr'>e</span> <span class='ocrx_word' id='word_1_107' title='bbox 1083 2751 1149 2819; x_wconf 86' lang='lat' dir='ltr'>filis</span> <span class='ocrx_word' id='word_1_108' title='bbox 1175 2750 1306 2818; x_wconf 85' lang='lat' dir='ltr'>articu-</span> 
     </span>
     <span class='ocr_line' id='line_1_19' title="bbox 205 2858 1305 2952; baseline 0.001 -24"><span class='ocrx_word' id='word_1_109' title='bbox 205 2859 283 2928; x_wconf 86' lang='lat' dir='ltr'>latis</span> <span class='ocrx_word' id='word_1_110' title='bbox 313 2883 349 2926; x_wconf 89' lang='lat' dir='ltr'>se</span> <span class='ocrx_word' id='word_1_111' title='bbox 380 2858 524 2940; x_wconf 88' lang='lat' dir='ltr'>evolvit,</span> <span class='ocrx_word' id='word_1_112' title='bbox 546 2860 749 2951; x_wconf 88' lang='lat' dir='ltr'>vasibusque</span> <span class='ocrx_word' id='word_1_113' title='bbox 768 2860 951 2952; x_wconf 84' lang='lat' dir='ltr'>spiralibus</span> <span class='ocrx_word' id='word_1_114' title='bbox 975 2879 1025 2931; x_wconf 91' lang='lat' dir='ltr'>est</span> <span class='ocrx_word' id='word_1_115' title='bbox 1044 2864 1240 2944; x_wconf 89' lang='lat' dir='ltr'>instructus,</span> <span class='ocrx_word' id='word_1_116' title='bbox 1261 2886 1305 2929; x_wconf 84' lang='lat' dir='ltr'>ao</span> 
     </span>
     <span class='ocr_line' id='line_1_20' title="bbox 207 2970 1306 3062; baseline -0.001 -23"><span class='ocrx_word' id='word_1_117' title='bbox 207 2973 306 3055; x_wconf 87' lang='lat' dir='ltr'>folia,</span> <span class='ocrx_word' id='word_1_118' title='bbox 340 2970 450 3039; x_wconf 90' lang='lat' dir='ltr'>forma</span> <span class='ocrx_word' id='word_1_119' title='bbox 467 2983 501 3036; x_wconf 86' lang='lat' dir='ltr'>et</span> <span class='ocrx_word' id='word_1_120' title='bbox 530 2993 582 3052; x_wconf 90' lang='lat' dir='ltr'>eo,</span> <span class='ocrx_word' id='word_1_121' title='bbox 605 2971 698 3060; x_wconf 90' lang='lat' dir='ltr'>quod</span> <span class='ocrx_word' id='word_1_122' title='bbox 718 2971 812 3062; x_wconf 91' lang='lat' dir='ltr'>poris</span> <span class='ocrx_word' id='word_1_123' title='bbox 836 2988 960 3056; x_wconf 84' lang='lat' dir='ltr'>carent,</span> <span class='ocrx_word' id='word_1_124' title='bbox 983 2973 1176 3040; x_wconf 87' lang='lat' dir='ltr'>Muscorum</span> <span class='ocrx_word' id='word_1_125' title='bbox 1208 2970 1306 3039; x_wconf 86' lang='lat' dir='ltr'>foliis</span> 
     </span>
     <span class='ocr_line' id='line_1_21' title="bbox 209 3078 1307 3174; baseline 0.003 -28"><span class='ocrx_word' id='word_1_126' title='bbox 209 3080 348 3171; x_wconf 81' lang='lat' dir='ltr'>quidem</span> <span class='ocrx_word' id='word_1_127' title='bbox 379 3078 580 3170; x_wconf 77' lang='lat' dir='ltr'>persimilis,</span> <span class='ocrx_word' id='word_1_128' title='bbox 612 3079 674 3146; x_wconf 89' lang='lat' dir='ltr'>sed</span> <span class='ocrx_word' id='word_1_129' title='bbox 700 3078 792 3148; x_wconf 88' lang='lat' dir='ltr'>veris</span> <span class='ocrx_word' id='word_1_130' title='bbox 822 3082 937 3148; x_wconf 86' lang='lat' dir='ltr'>nervis</span> <span class='ocrx_word' id='word_1_131' title='bbox 960 3083 1132 3172; x_wconf 86' lang='lat' dir='ltr'>praedita,</span> <span class='ocrx_word' id='word_1_132' title='bbox 1154 3083 1307 3174; x_wconf 84' lang='lat' dir='ltr'>inspira</span> 
     </span>
     <span class='ocr_line' id='line_1_22' title="bbox 209 3186 1308 3282; baseline 0.002 -26"><span class='ocrx_word' id='word_1_133' title='bbox 209 3187 411 3281; x_wconf 79' lang='lat' dir='ltr'>regulariter</span> <span class='ocrx_word' id='word_1_134' title='bbox 438 3189 528 3254; x_wconf 88' lang='lat' dir='ltr'>circa</span> <span class='ocrx_word' id='word_1_135' title='bbox 551 3190 681 3254; x_wconf 89' lang='lat' dir='ltr'>caulem</span> <span class='ocrx_word' id='word_1_136' title='bbox 707 3186 872 3278; x_wconf 90' lang='lat' dir='ltr'>disposita</span> <span class='ocrx_word' id='word_1_137' title='bbox 890 3203 966 3256; x_wconf 87' lang='lat' dir='ltr'>sunt</span> <span class='ocrx_word' id='word_1_138' title='bbox 987 3214 1050 3257; x_wconf 91' lang='lat' dir='ltr'>nec</span> <span class='ocrx_word' id='word_1_139' title='bbox 1080 3216 1213 3282; x_wconf 88' lang='lat' dir='ltr'>sparsa,</span> <span class='ocrx_word' id='word_1_140' title='bbox 1236 3216 1308 3281; x_wconf 91' lang='lat' dir='ltr'>qua</span> 
     </span>
     <span class='ocr_line' id='line_1_23' title="bbox 210 3289 1308 3390; baseline 0.001 -26"><span class='ocrx_word' id='word_1_141' title='bbox 210 3323 248 3364; x_wconf 92' lang='lat' dir='ltr'>re</span> <span class='ocrx_word' id='word_1_142' title='bbox 280 3295 387 3387; x_wconf 87' lang='lat' dir='ltr'>magis</span> <span class='ocrx_word' id='word_1_143' title='bbox 415 3297 676 3386; x_wconf 87' lang='lat' dir='ltr'>perfectioribus</span> <span class='ocrx_word' id='word_1_144' title='bbox 705 3289 894 3387; x_wconf 87' lang='lat' dir='ltr'>plantarum</span> <span class='ocrx_word' id='word_1_145' title='bbox 922 3296 1042 3364; x_wconf 90' lang='lat' dir='ltr'>formis</span> <span class='ocrx_word' id='word_1_146' title='bbox 1066 3302 1238 3390; x_wconf 84' lang='lat' dir='ltr'>analogus.</span> <span class='ocrx_word' id='word_1_147' title='bbox 1262 3337 1308 3350; x_wconf 91' lang='lat'>-</span> 
     </span>
     <span class='ocr_line' id='line_1_24' title="bbox 211 3384 1310 3498; baseline -0.002 -24"><span class='ocrx_word' id='word_1_148' title='bbox 211 3407 252 3474; x_wconf 91' lang='lat' dir='ltr'>In</span> <span class='ocrx_word' id='word_1_149' title='bbox 272 3405 434 3473; x_wconf 88' lang='lat' dir='ltr'>foliorum</span> <span class='ocrx_word' id='word_1_150' title='bbox 454 3406 566 3471; x_wconf 83' lang='lat' dir='ltr'>axillis</span> <span class='ocrx_word' id='word_1_151' title='bbox 584 3408 737 3497; x_wconf 91' lang='lat' dir='ltr'>capsulas</span> <span class='ocrx_word' id='word_1_152' title='bbox 758 3404 964 3475; x_wconf 84' lang='lat' dir='ltr'>bi-tri-vel</span> <span class='ocrx_word' id='word_1_153' title='bbox 985 3384 1222 3498; x_wconf 56' lang='lat' dir='ltr'>quadridalvas</span> <span class='ocrx_word' id='word_1_154' title='bbox 1239 3431 1310 3497; x_wconf 87' lang='lat' dir='ltr'>ge-</span> 
     </span>
     <span class='ocr_line' id='line_1_25' title="bbox 211 3514 1308 3607; baseline -0.004 -24"><span class='ocrx_word' id='word_1_155' title='bbox 211 3517 277 3596; x_wconf 78' lang='lat' dir='ltr'>rit,</span> <span class='ocrx_word' id='word_1_156' title='bbox 316 3539 457 3606; x_wconf 88' lang='lat' dir='ltr'>quarum</span> <span class='ocrx_word' id='word_1_157' title='bbox 493 3515 577 3586; x_wconf 85' lang='lat' dir='ltr'>aliae</span> <span class='ocrx_word' id='word_1_158' title='bbox 610 3538 728 3606; x_wconf 89' lang='lat' dir='ltr'>sporas</span> <span class='ocrx_word' id='word_1_159' title='bbox 761 3517 896 3607; x_wconf 86' lang='lat' dir='ltr'>pulveri</span> <span class='ocrx_word' id='word_1_160' title='bbox 931 3517 1130 3584; x_wconf 87' lang='lat' dir='ltr'>tenuissimo</span> <span class='ocrx_word' id='word_1_161' title='bbox 1158 3514 1308 3596; x_wconf 90' lang='lat' dir='ltr'>similes,</span> 
     </span>
     <span class='ocr_line' id='line_1_26' title="bbox 213 3623 1309 3718; baseline -0.005 -25"><span class='ocrx_word' id='word_1_162' title='bbox 213 3625 299 3693; x_wconf 89' lang='lat' dir='ltr'>aliae</span> <span class='ocrx_word' id='word_1_163' title='bbox 332 3626 376 3691; x_wconf 89' lang='lat' dir='ltr'>ad</span> <span class='ocrx_word' id='word_1_164' title='bbox 394 3623 461 3691; x_wconf 89' lang='lat' dir='ltr'>tria</span> <span class='ocrx_word' id='word_1_165' title='bbox 482 3627 542 3692; x_wconf 83' lang='lat' dir='ltr'>vel</span> <span class='ocrx_word' id='word_1_166' title='bbox 562 3638 706 3714; x_wconf 88' lang='lat' dir='ltr'>quatuor</span> <span class='ocrx_word' id='word_1_167' title='bbox 725 3627 865 3714; x_wconf 88' lang='lat' dir='ltr'>granula</span> <span class='ocrx_word' id='word_1_168' title='bbox 882 3632 1012 3709; x_wconf 87' lang='lat' dir='ltr'>majora</span> <span class='ocrx_word' id='word_1_169' title='bbox 1031 3627 1192 3718; x_wconf 85' lang='lat' dir='ltr'>angulosa</span> <span class='ocrx_word' id='word_1_170' title='bbox 1216 3644 1309 3689; x_wconf 88' lang='lat' dir='ltr'>con-</span> 
     </span>
    </p>
   </div>
   <div class='ocr_carea' id='block_1_7' title="bbox 182 3920 1268 4188">
    <p class='ocr_par' dir='ltr' id='par_1_9' title="bbox 182 3920 1268 4188">
     <span class='ocr_line' id='line_1_27' title="bbox 282 3920 789 4000; baseline -0.006 -20"><span class='ocrx_word' id='word_1_171' title='bbox 282 3931 314 3991; x_wconf 70' lang='grc'>“)</span> <span class='ocrx_word' id='word_1_172' title='bbox 333 3926 467 4000; x_wconf 76' lang='lat' dir='ltr'>Kaulfitas</span> <span class='ocrx_word' id='word_1_173' title='bbox 484 3925 501 3979; x_wconf 87' lang='lat' dir='ltr'>l.</span> <span class='ocrx_word' id='word_1_174' title='bbox 520 3944 536 3982; x_wconf 82' lang='lat' dir='ltr'><strong>c</strong></span> <span class='ocrx_word' id='word_1_175' title='bbox 561 3922 629 3979; x_wconf 70' lang='lat' dir='ltr'>Tul).</span> <span class='ocrx_word' id='word_1_176' title='bbox 647 3923 668 3976; x_wconf 86' lang='lat' dir='ltr'>l.</span> <span class='ocrx_word' id='word_1_177' title='bbox 686 3920 744 3995; x_wconf 74' lang='lat' dir='ltr'>llig.</span> <span class='ocrx_word' id='word_1_178' title='bbox 763 3924 789 3978; x_wconf 82' lang='lat'>3.</span> 
     </span>
     <span class='ocr_line' id='line_1_28' title="bbox 182 4009 1268 4092; baseline -0.003 -17"><span class='ocrx_word' id='word_1_179' title='bbox 182 4062 185 4067; x_wconf 92' lang='lat'>.</span> <span class='ocrx_word' id='word_1_180' title='bbox 281 4025 329 4086; x_wconf 64' lang='lat' dir='ltr'>r)</span> <span class='ocrx_word' id='word_1_181' title='bbox 348 4009 435 4076; x_wconf 64' lang='lat' dir='ltr'>stum</span> <span class='ocrx_word' id='word_1_182' title='bbox 452 4022 470 4076; x_wconf 88' lang='lat' dir='ltr'>t.</span> <span class='ocrx_word' id='word_1_183' title='bbox 489 4038 513 4075; x_wconf 69' lang='grc' dir='ltr'>ο.</span> <span class='ocrx_word' id='word_1_184' title='bbox 533 4021 584 4074; x_wconf 82' lang='lat' dir='ltr'>sa.</span> <span class='ocrx_word' id='word_1_185' title='bbox 603 4019 635 4073; x_wconf 83' lang='lat'>11.</span> <span class='ocrx_word' id='word_1_186' title='bbox 652 4020 682 4073; x_wconf 76' lang='lat' dir='ltr'>sn</span> <span class='ocrx_word' id='word_1_187' title='bbox 700 4020 734 4075; x_wconf 68' lang='lat'>10.</span> <span class='ocrx_word' id='word_1_188' title='bbox 750 4024 874 4075; x_wconf 60' lang='lat' dir='ltr'>osanna.</span> <span class='ocrx_word' id='word_1_189' title='bbox 892 4025 1039 4074; x_wconf 57' lang='lat' dir='ltr'>Macrum.</span> <span class='ocrx_word' id='word_1_190' title='bbox 1057 4020 1117 4092; x_wconf 68' lang='lat' dir='ltr'>rig.</span> <span class='ocrx_word' id='word_1_191' title='bbox 1136 4018 1162 4086; x_wconf 84' lang='lat' dir='ltr'>s,</span> <span class='ocrx_word' id='word_1_192' title='bbox 1180 4019 1213 4072; x_wconf 79' lang='lat' dir='ltr'>e.</span> <span class='ocrx_word' id='word_1_193' title='bbox 1232 4045 1268 4058; x_wconf 92' lang='lat'><em>-</em></span> 
     </span>
     <span class='ocr_line' id='line_1_29' title="bbox 283 4114 1208 4188; baseline -0.005 -16"><span class='ocrx_word' id='word_1_194' title='bbox 283 4119 340 4188; x_wconf 71' lang='lat' dir='ltr'>m)</span> <span class='ocrx_word' id='word_1_195' title='bbox 360 4123 428 4178; x_wconf 79' lang='lat' dir='ltr'>Nees</span> <span class='ocrx_word' id='word_1_196' title='bbox 446 4137 470 4170; x_wconf 88' lang='lat' dir='ltr'>v.</span> <span class='ocrx_word' id='word_1_197' title='bbox 488 4119 580 4170; x_wconf 73' lang='lat' dir='ltr'>Earnb.</span> <span class='ocrx_word' id='word_1_198' title='bbox 598 4114 751 4172; x_wconf 84' lang='lat' dir='ltr'>llandhuch</span> <span class='ocrx_word' id='word_1_199' title='bbox 768 4115 819 4170; x_wconf 87' lang='lat' dir='ltr'>der</span> <span class='ocrx_word' id='word_1_200' title='bbox 835 4114 959 4170; x_wconf 80' lang='lat' dir='ltr'>Bolanil.</span> <span class='ocrx_word' id='word_1_201' title='bbox 978 4116 1029 4170; x_wconf 88' lang='lat' dir='ltr'>Bd.</span> <span class='ocrx_word' id='word_1_202' title='bbox 1048 4116 1079 4172; x_wconf 90' lang='lat' dir='ltr'>ll.</span> <span class='ocrx_word' id='word_1_203' title='bbox 1098 4135 1126 4188; x_wconf 85' lang='lat' dir='ltr'>p.</span> <span class='ocrx_word' id='word_1_204' title='bbox 1145 4115 1208 4168; x_wconf 79' lang='lat'><strong>257.</strong></span> 
     </span>
    </p>
   </div>
   <div class='ocr_carea' id='block_1_8' title="bbox 0 0 1393 4718">
    <p class='ocr_par' dir='ltr' id='par_1_10' title="bbox 0 0 1393 4718">
     <span class='ocr_line' id='line_1_30' title="bbox 0 0 1393 4718; baseline 0 0"><span class='ocrx_word' id='word_1_205' title='bbox 0 0 1393 4718; x_wconf 95' lang='lat' dir='ltr'> </span> 
     </span>
    </p>
   </div>
  </div>
 </body>
</html>
