2744 4718
595 311 698 432 ΕΞ-

96 517 192 582 licius
215 516 270 603 ³³⁶),
306 537 381 580 eam
416 513 467 580 nil
498 515 590 579 aliud
625 536 699 579 esse
735 538 837 606 quam
859 517 1015 586 orarium
1040 518 1193 586 animalis

96 625 270 705 cujusdam
289 626 438 691 testacei.
483 625 551 691 Cel.
563 629 853 708 Lomourouxim,
870 627 929 714 qui
942 627 1090 717 primum
1106 630 1194 694 hanc

97 735 246 823 speciem
272 734 363 800 inter
387 738 514 825 plantas
542 737 657 826 posuit
672 739 744 826 W),
767 758 849 802 cum.
859 735 983 801 deinde
1000 735 1038 801 in
1054 736 1196 826 figuram

100 846 288 932 Zoologiae
312 847 464 911 Dunicue
490 871 522 935 p.
549 852 579 911 4,
608 844 694 910 Tab.
719 847 789 909 147.
809 843 882 932 Fig.
905 847 987 909 1-4
1006 841 1196 926 incidisset,

100 951 300 1017 sententiam
320 953 462 1020 mutavit
481 968 515 1018 et
536 957 691 1044 plantam
705 942 914 1020 venditatam
935 949 1025 1017 inter
1038 950 1197 1018 animalia

100 1060 215 1126 retulit
233 1063 319 1148 m).
363 1059 420 1128 Sic
437 1050 579 1151 regnum
594 1063 738 1128 animale
754 1061 926 1127 interdum
948 1060 985 1126 in
1006 1060 1196 1150 vegetabile

100 1170 147 1234 ita
176 1168 321 1237 transire
349 1170 501 1251 videtur,
536 1185 575 1236 ut
602 1168 768 1238 terminos
797 1169 974 1257 utriusque
998 1167 1194 1237 verissimos

102 1278 305 1346 constituere
330 1278 568 1345 difficillimum
587 1277 640 1344 sit.

594 1471 617 1549 t.
659 1471 710 1534 25.
764 1447 768 1453 ’

191 1599 322 1687 Fungis
352 1598 493 1664 uterinis
520 1598 632 1689 Algae
660 1623 723 1690 per
749 1600 1013 1667 Tremelloidato
1042 1598 1198 1690 inprimis

104 1722 216 1775 autem
232 1733 295 1799 per
312 1709 458 1773 Linkias
477 1722 510 1772 et
528 1732 634 1797 genus
654 1712 778 1776 Nostoc
797 1708 912 1774 affines
929 1723 1016 1775 sunt.
1058 1709 1198 1800 Species

103 1815 279 1904 utriusque
308 1816 444 1901 generis
469 1830 666 1882 constante
694 1815 813 1883 massis
836 1815 1052 1907 gelatinosis,
1074 1818 1200 1888 diffor-

100 1926 213 1991 mibus
249 1927 308 1993 vel
342 1923 511 2014 globosis,
544 1924 612 1992 filis
641 1926 851 2017 simplicibus
875 1924 926 2014 (in
949 1928 1017 1992 hoc
1040 1927 1198 2010 curvatis,

100 2032 406 2113 moniliformibus,
434 2031 471 2098 in
490 2031 562 2097 illis
578 2034 795 2118 acuminatis,
828 2031 1013 2102 articulatis
1026 2038 1097 2101 'vel
1115 2036 1200 2103 sub-

103 2140 295 2224 continuis)
315 2139 440 2222 feretis,
468 2164 555 2230 quae
575 2141 633 2208 fila
652 2143 804 2232 sporidia
827 2143 1015 2210 includunt.

185 2253 279 2319 Inter
298 2251 407 2340 Algae
437 2248 503 2314 filis
525 2248 709 2317 articulum
731 2249 895 2317 formatas
923 2266 957 2317 et
981 2251 1199 2319 Mucedineas

103 2359 304 2448 ceteroquin
321 2358 390 2425 illis
411 2355 600 2423 simillimas
623 2357 823 2448 praesertim
842 2359 910 2426 hoc
931 2358 1081 2441 interest,
1105 2363 1201 2450 quod

102 2468 254 2560 sporidia
274 2466 312 2532 in
327 2466 537 2533 Mucedineis
564 2466 756 2556 superficiei
776 2482 906 2534 tantum
927 2469 1115 2537 floccorum
1136 2471 1202 2536 ad-

102 2581 247 2643 haerere
283 2575 460 2657 videntur,
488 2575 526 2641 in
553 2574 654 2665 Algis
679 2573 895 2641 filiformibus
923 2592 1034 2644 autem
1060 2579 1097 2645 in
1126 2577 1201 2671 ipsa

104 2685 354 2774 progignuntur
381 2682 579 2765 substantia,
607 2708 710 2773 quare
739 2683 839 2749 sicuti
861 2685 972 2752 tubuli
989 2710 1098 2753 massa
1118 2710 1202 2777 gra-

104 2795 225 2858 nulosa
255 2791 355 2859 farcti
392 2808 563 2883 apparent.
623 2795 785 2857 Attamen
813 2791 990 2880 permultis
1027 2792 1065 2857 in
1098 2795 1201 2883 Algis

103 2900 282 2967 manifeste
313 2899 474 2971 formatio
507 2901 787 2968 Mucedinearum
817 2896 978 2980 iteratur,
1019 2899 1199 2990 proxime-

94 3030 170 3098 ·que
198 3025 340 3076 externa
364 3025 532 3077 structura
559 3011 602 3074 ad
631 3031 688 3073 eas
718 3000 884 3074 accedunt
912 3009 1096 3098 Ectocarpi
1117 3034 1199 3101 spe-

104 3121 189 3199 cies,
220 3143 308 3206 quae
343 3133 499 3185 constant
533 3143 550 3183 e
580 3116 646 3183 filis
675 3115 877 3201 articulatis,
908 3118 1197 3200 membranaceis,

105 3227 350 3308 ramosissimis,
362 3225 513 3317 sporidia
530 3226 574 3290 ad
586 3228 692 3291 latera
704 3228 913 3292 ramulorum
930 3249 1064 3316 sparsos
1075 3227 1196 3294 feren·

106 3337 193 3402 tibus
215 3341 269 3421 †);
297 3335 365 3402 ista
390 3349 504 3401 autem
535 3333 687 3424 sporidia
710 3355 782 3400 non
803 3333 894 3399 nuda
911 3332 1012 3400 sicuti
1027 3335 1065 3402 in
1078 3336 1199 3402 Muce-

158 3554 189 3615 “)
210 3555 292 3620 Etis,
320 3547 398 3603 Emi
423 3565 472 3604 aar
494 3547 626 3603 l'histoire
649 3547 783 3602 naturalia
808 3546 855 3601 des
874 3546 1017 3620 corallines
1035 3557 1063 3603 et
1080 3548 1200 3604 d'autrot

105 3649 286 3728 productione
304 3644 421 3701 marines
439 3653 491 3699 etc.
509 3643 616 3698 traduit
632 3642 666 3698 dc
683 3643 814 3716 l'angloia.
832 3662 859 3714 p.
880 3644 940 3696 102.

151 3749 195 3811 u)
218 3749 390 3809 Lamourom,
412 3741 487 3795 Essai
510 3755 559 3793 sur
575 3741 614 3794 les
638 3757 736 3813 genres
760 3738 794 3792 de
809 3737 836 3792 la
858 3735 958 3791 fanilla
975 3736 1022 3792 des
1039 3737 1199 3793 Thalassio·

105 3846 202 3919 phytes
220 3859 276 3896 non
294 3836 429 3894 articule's.
448 3853 477 3907 p.
495 3839 538 3889 71.

158 3939 215 4001 ‘’'J
240 3940 413 4002 Lumouroux,
437 3931 556 3986 Histoire
574 3930 621 3985 des
639 3930 779 4002 Polypiers
798 3926 976 3999 coralligbnes
994 3924 1123 3996 nexibus,
1142 3928 1198 3983 vul·

105 4033 256 4106 gairemnt
273 4028 395 4086 nomnen
413 4027 555 4099 Zouphyte
581 4067 587 4079 .

175 4139 206 4194 t)
225 4127 338 4185 Censen
358 4129 471 4198 Lyngbye
485 4124 503 4176 1.
524 4140 548 4176 c.
568 4122 634 4177 Tala.
656 4117 771 4215 4244.
