2744 4718
637 365 742 484 2]-

137 555 218 638 solis
243 591 262 634 e
282 569 432 658 granulis
451 565 696 657 pulverulentis
716 567 943 656 (Propagulis)
960 568 1032 634 sine
1051 566 1131 633 aliis-
1144 588 1232 653 con-

137 676 262 770 spicuis
285 675 553 742 fructificationis
572 675 794 764 receptaculis
818 689 987 756 constent,
1009 689 1066 740 aut
1086 675 1150 740 filis
1168 698 1233 741 co-

135 787 300 850 haereant
327 783 562 851 arachnoideis
584 809 618 850 v.
638 807 688 872 gr.
708 785 910 849 Pulveruria
933 783 1053 848 Ftcrke
1071 787 1116 872 ³⁵⁶),
1141 808 1232 872 quae

137 888 291 968 conditio
309 905 458 982 'repente
483 891 682 981 Fungorum
705 890 831 959 fonnas
855 890 1002 980 primrun
1025 906 1063 958 ut
1082 891 1234 983 spcridia

138 1014 338 1090 apparentes
357 1000 393 1065 in
422 1013 570 1066 mentem
592 1015 702 1068 vocat.
752 999 816 1066 His
835 999 985 1088 granulis
1013 1023 1098 1067 mox
1121 1015 1232 1067 autem

138 1111 349 1175 substramen
373 1107 561 1198 (Thallus)
581 1110 629 1192 fit,
661 1110 757 1197 quod
779 1108 944 1232 primario.
965 1113 1023 1196 (v.
1046 1133 1075 1175 c.
1097 1109 1135 1175 in
1162 1114 1236 1175 Le4

138 1223 262 1307 praria
284 1218 403 1284 Ftcrke
427 1219 479 1306 l2³)
499 1233 614 1283 crusta
634 1219 944 1300 membranaceas
933 1244 970 1283 111
991 1242 1058 1305 qua
1078 1233 1135 1284 aut
1158 1218 1235 1284 dis-

136 1351 235 1420 persa
251 1329 457 1393 evolvuntur
473 1341 508 1391 et
523 1328 653 1413 absque
674 1325 806 1407 ordine,
831 1340 888 1393 aut
901 1326 1085 1392 acervatim
1100 1327 1137 1391 in
1154 1330 1235 1416 pla<

135 1436 228 1503 uitiis
253 1437 432 1527 paululum
462 1432 684 1516 editioribus,
707 1435 768 1500 ubi
789 1433 927 1501 nomine
949 1434 1233 1501 Sorediorumdi

137 1561 269 1612 cuntur.
314 1544 403 1609 Inde
436 1544 568 1609 abhoc
593 1541 799 1610 evolutionis
825 1542 933 1631 gradu
962 1567 1064 1633 supra
1094 1545 1236 1633 Frmgos

140 1651 342 1733 ascendunt,
376 1665 489 1718 crusta
517 1650 640 1717 sensim
665 1650 703 1717 in
728 1653 872 1716 thallum
896 1648 1093 1717 loliaceum'
1107 1675 1143 1717 se
1166 1675 1234 1715 ex-

139 1761 329 1852 pandente,
351 1750 416 1848 ‘qui
438 1774 510 1826 tum
532 1761 720 1849 propagula
742 1760 865 1850 partim
875 1757 984 1841 intus,
1005 1762 1128 1850 partim
1147 1782 1234 1850 pro-

137 1871 219 1963 priis
242 1867 465 1974 receptaculis
489 1853 726 1954 (Apotheosis)
747 1871 876 1934 inclusa
902 1869 1062 1937 continet.

626 2064 649 2144 l·
693 2062 744 2126 29.

220 2197 424 2283 Plerumque
445 2195 568 2259 thallus
590 2209 624 2258 et
642 2192 820 2281 apothecia
835 2191 929 2273 sicut,
941 2192 1043 2274 Fuci,
1064 2196 1124 2260 ubi
1136 2193 1234 2260 sruc-

139 2322 192 2373 tus
214 2303 404 2371 immissura
427 2317 519 2384 sunt,
542 2302 724 2392 duplicem*
741 2301 867 2365 habent
884 2315 1041 2367 stratum:
1062 2303 1234 2370 internum

136 2418 292 2495 inanem,
324 2413 525 2492 floccosum,
554 2412 763 2490 tubulcsum,
796 2405 830 2474 et
861 2423 1039 2476 externum
1070 2412 1233 2478 fibrosum

137 2549 163 2590 s.
184 2521 545 2613 vesiculosum,.inter
566 2535 600 2585 et
628 2518 716 2584 intra
744 2541 829 2606 quos
851 2525 1040 2612 propagula
1063 2524 1234 2591 evolvun-

138 2645 210 2710 tur,
238 2641 382 2716 quaeut
410 2625 595 2717 plurimum
615 2626 739 2715 singuli
759 2613 843 2692 nudi
860 2644 937 2694 sunt
949 2631 1097 2718 -globuli
1129 2632 1233 2720 Apo-

139 2737 251 2803 thecia
271 2751 373 2803 stratu
396 2733 494 2800 thalli
521 2733 669 2824 primum
686 2733 891 2823 superficiali
910 2735 992 2800 dein
1010 2751 1232 2805 evanescente

137 2847 266 2927 induta,
288 2868 353 2932 qua
371 2848 538 2908 structura
553 2848 690 2912 volvam
712 2842 837 2930 Fungis
861 2844 1038 2908 lamellatis
1059 2847 1232 2934 propriam

134 2958 173 3022 in
198 2968 348 3019 mentem
384 2965 529 3032 vocant,
566 2954 651 3017 haec
684 2953 870 3041 propagula
900 2952 1005 3017 modo
1033 2966 1070 3016 ut
1093 2954 1231 3017 cellulas

135 3079 254 3130 tenues
282 3075 535 3141 concatenatas,
563 3063 614 3146 (v.
641 3083 669 3125 c.
696 3059 786 3149 apud
818 3064 858 3126 V
853 3065 1098 3146 errucariam),
1125 3061 1230 3126 modo

138 3184 176 3234 ut
207 3172 345 3258 granula
377 3171 562 3258 subopaca,
596 3167 635 3234 in
660 3169 807 3261 modum,
836 3169 1008 3240 Fucorum
1036 3171 1232 3233 membrana
1326 3170 1329 3176 ’

140 3277 540 3365 hyalina'circumvoluta
572 3277 625 3362 (v.
647 3301 675 3342 c.
699 3280 863 3364 Petrina),
891 3268 997 3345 modo
1019 3293 1056 3343 ut
1073 3279 1230 3367 globulos
1308 3314 1311 3319 ·

140 3408 262 3475 opacos
286 3383 486 3475 geminatos,
509 3385 608 3451 sicuti
629 3386 765 3474 quidam
796 3387 998 3475 Conicmyci
1018 3389 1062 3472 (v.
1084 3411 1111 3451 c.
1132 3389 1231 3450 Solo-

136 3498 238 3578 riuc)
256 3496 332 3582 ***)
356 3492 541 3563 continent.
579 3496 700 3584 Neque
719 3519 797 3563 raro
815 3514 926 3564 autem
941 3499 1128 3587 propagula
1146 3519 1232 3584 pro—

133 3600 220 3692 priis
249 3602 376 3668 tubulis
404 3602 535 3669 inclusa
557 3620 635 3670 sunt
663 3621 696 3672 et
718 3605 754 3672 in
786 3589 1004 3673 Verrucariis
1030 3604 1231 3694 Pyrenulis-

134 3735 202 3800 que
234 3713 402 3778 asciorum
436 3711 742 3780 commonefaciunt
776 3714 971 3804 Fungorum
998 3715 1148 3805 sporidia
1173 3713 1230 3779 in-
1262 3793 1267 3804 e

172 3922 173 3926 Ἰ
206 3956 234 4014 ⁴¹)
253 3951 366 4007 Conler.
384 3953 493 4019 r'turte,
511 3953 543 4006 in
555 3953 682 4009 Berlicer
698 3954 837 4026 Magarin,
855 3955 875 4014 1.
893 3955 986 4029 Jahrg.
1009 3955 1084 4009 1807.

204 4049 251 4110 ”)
270 4048 329 4102 Csr.
347 4048 438 4101 Fl'o'rle
452 4047 470 4107 l,
482 4065 507 4101 c.

205 4143 261 4211 m⁸)
279 4142 430 4217 Sprengcl,
448 4142 545 4199 lnleit.
564 4144 613 4204 Bd.
631 4141 665 4198 ll.
683 4143 760 4201 luth.
780 4144 800 4197 Ι.
819 4144 885 4214 Tul),
904 4147 930 4198 3.
