2744 4718
700 314 793 436 j}-

200 517 399 585 varietatesx
432 519 536 589 modo
571 519 717 607 simplex
745 535 804 585 est.
819 542 938 588 eorum
962 520 1077 600 series,
1099 519 1202 585 modo
1228 519 1298 585 du-

199 627 292 714 plex,
316 639 349 689 et
371 649 447 690 oum
468 608 534 693 hoc
558 626 726 708 occurrit,
752 630 843 695 inter
861 629 1096 720 peristomium
1117 642 1298 694 externum

188 749 235 806 et
266 735 435 808 internum
465 735 699 824 distinguitur3
732 761 750 802 a
781 760 849 827 quo
880 735 1079 828 peristomio
1101 736 1310 804 Muscorum·

202 843 424 909 characteres·
432 845 591 932 generisi*
605 843 698 928 ducti
719 860 806 924 sunt.

320 1122 324 1129 .
629 1116 641 1127 ..
685 1044 708 1122 l.
752 1039 803 1105 38.

271 1167 574 1258 Quantumcunque
588 1170 693 1260 igitur
704 1171 845 1256 interest
856 1173 945 1240 inter
960 1152 1158 1241 Museorum
1172 1196 1296 1262 capsu*

198 1278 266 1340 lam
287 1291 320 1341 et
338 1277 432 1349 illam
453 1280 664 1364 ualvularent
683 1280 941 1370 Hepatioarum,
960 1284 1040 1350 licet
1060 1283 1124 1348 sibi
1145 1281 1296 1350 invicem

197 1384 234 1448 in
251 1387 447 1489 agnascendo
467 1387 658 1477 persimiles
678 1374 1012 1469 .siut‚.intermediae
1030 1405 1142 1457 tamen
1163 1391 1295 1457 formae

196 1493 427 1584 reperiuntun.
447 1519 533 1584 quae
554 1496 732 1564 transitum
752 1501 895 1570 alterius
916 1499 1128 1568 formationis
1149 1498 1187 1564 in
1207 1499 1296 1563 alte-

196 1625 270 1668 ram
290 1602 513 1694 manilestent.
557 1605 615 1677 Sic
640 1608 677 1673 in
693 1609 880 1684 Andr-eaeo
899 1613 1069 1698 capsulam
1090 1607 1127 1676 in
1148 1620 1295 1696 quatuor

197 1710 337 1805 quidem
365 1714 520 1779 valvulas
550 1713 710 1796 divisam,
739 1714 800 1778 sed
831 1715 977 1782 valvulis
1003 1714 1099 1801 apice
1128 1715 1294 1802 operculo

197 1819 351 1888 connatis
368 1834 402 1885 et
416 1821 572 1908 calyptra
591 1822 689 1905 tectis
705 1819 860 1900 videmus
874 1824 917 1903 l²).
960 1820 1055 1891 Haec
1073 1823 1208 1905 capsula
1224 1825 1292 1898 jam

196 1929 304 2020 magis
326 1953 367 1996 eo
391 1908 434 1997 ad
454 1949 650 2009 musoorum·
667 1926 814 2007 fructum
836 1925 1079 2014 approximat„
1091 1925 1186 2011 quod
1206 1947 1290 2013 spo-

196 2064 251 2104 ras
268 2064 338 2106 non
355 2036 420 2104 filis
442 2033 568 2112 affixas,
589 2033 649 2097 sed
667 2031 964 2103 liberasicontinet.
998 2030 1159 2099 Attamen
1181 2033 1292 2099 Musei

196 2146 240 2210 ad
261 2144 441 2236 Hepaticas
473 2139 571 2204 etiam
592 2138 771 2222 recedunt,
801 2141 894 2228 quod
913 2138 1070 2207 nonnulli
1091 2146 1143 2223 (v.
1166 2164 1195 2207 c.
1223 2145 1291 2204 Te*

197 2257 332 2344 trophis
363 2247 571 2340 pellucido,
617 2249 911 2338 Gymnoccphalns
945 2249 1169 2336 androgynus
1205 2252 1291 2334 eto.)

195 2360 381 2452 propagula
409 2372 533 2449 gerunt
565 2379 606 2423 eo
637 2356 712 2446 ipso
743 2356 847 2423 modo
878 2354 1291 2446 pedicellato-capitata‚

196 2492 282 2558 quae
319 2463 501 2556 conspicue
529 2463 565 2530 in
592 2464 676 2532 folia
704 2479 877 2533 transeunt
901 2466 966 2550 aa),
1008 2464 1138 2529 Eadem
1158 2464 1288 2530 ratione

196 2579 392 2657 Muscorum
411 2572 560 2655 fructum
586 2575 631 2640 ad
659 2576 909 2664 receptaculum
936 2597 1042 2639 urnae
1064 2573 1173 2640 simile
1202 2599 1290 2662 qua*

194 2684 337 2777 rnndam
364 2682 509 2773 Filieum
533 2687 578 2768 (v.
602 2708 630 2748 c.
658 2684 899 2762 Trichomanis,
925 2684 1289 2774 Hyrnenopltylli)***)

102 2818 104 2836 1
196 2791 438 2884 approximare
464 2791 771 2868 animadvertimus,
804 2816 890 2880 quae
914 2790 1051 2879 quidem
1074 2815 1144 2858 non
1171 2803 1292 2880 spora's

194 2901 335 2980 liberas,
357 2902 452 2977 velut
481 2920 675 2964 muscorum
697 2901 867 2987 capsulae,
890 2899 951 2964 sed
978 2902 1131 2988 capsulas
1152 2913 1290 2988 gyratas

197 3009 396 3074 columellae
429 3005 570 3072 contrali
598 3005 784 3073 insidentes
820 3006 1108 3088 circumcludunt,
1137 3007 1291 3097 ideoque

195 3118 308 3207 potius
329 3117 493 3208 praebent
514 3116 674 3203 annalogas
696 3117 870 3180 thecarum
902 3114 1076 3204 imagines.
1128 3115 1227 3182 Licet
1252 3115 1292 3181 in

194 3227 248 3290 his
261 3225 456 3290 Muscorum
474 3220 582 3297 thecis
601 3219 702 3285 etiam
715 3225 928 3309 columellam
949 3226 1130 3289 neutralem
1148 3222 1292 3312 corispi-

196 3333 333 3412 ciamus‚
354 3354 526 3418 nunquam
546 3345 658 3394 tamen
680 3352 794 3419 sporas
817 3329 848 3394 ei
870 3332 995 3413 affixas,
1018 3334 1078 3398 sed
1093 3331 1157 3397 filis
1172 3331 1290 3396 liberis

194 3457 323 3508 tantum
336 3440 547 3505 intermixtas
567 3437 720 3504 videmus
733 3444 779 3519 †).
812 3439 923 3505 Prima
934 3440 971 3505 in
989 3439 1114 3506 Muscis
1127 3455 1292 3529 apparent

195 3572 402 3639 organorum
417 3550 646 3613 masculorum
663 3545 875 3634 evidentiora
891 3547 1042 3638 vestigia,
1058 3549 1293 3637 utplurimum

192 3667 425 3686 ’.ὑ-ιιι·-

261 3716 288 3781 ')
308 3718 395 3767 Sturm
412 3712 430 3763 1.
449 3727 475 3764 t.
493 3707 544 3763 Bd·
564 3713 587 3760 l.
607 3737 642 3750 -
663 3715 754 3764 Weber
771 3719 798 3764 ot
816 3712 898 3763 Molr
914 3711 932 3762 Ι.
951 3727 975 3763 c.
995 3709 1061 3764 Tab.
1082 3710 1129 3764 Xl.
1148 3712 1198 3785 Fig
1226 3713 1253 3766 9.

264 3809 309 3871 u)
328 3811 416 3860 Slurm
432 3805 451 3858 l.
473 3822 495 3858 c.
568 3806 696 3878 Sprengel
713 3807 729 3858 Ι.
749 3823 773 3859 o.
792 3805 860 3859 Tab.
878 3805 904 3858 4.
924 3805 984 3878 Fig.
1002 3805 1046 3858 78·

263 3901 671 3972 ”*)Kauls10saEnumerati0
695 3901 821 3957 Filicum.
846 3903 912 3957 Tul).
932 3902 963 3956 ll.
982 3933 1018 3944 -
1036 3904 1137 3970 Smist,
1162 3902 1289 3974 English.

195 4000 310 4070 Botany.
329 3997 401 4051 Tab.¹
417 3996 476 4048 16⁴2.

210 4162 213 4167 .
264 4104 295 4158 †)
313 4093 416 4146 Mtrbel
432 4092 451 4144 l.
472 4109 495 4144 c·
514 4092 581 4145 Τὼ.
599 4091 642 4148 62.
679 4089 738 4162 Fig.
760 4097 783 4161 l,
802 4092 841 4146 M.
