2744 4718
736 335 787 410 tt

207 536 255 601 ita
281 551 318 601 ut
340 558 379 602 v.
402 561 430 602 c.
453 536 490 602 in
511 537 632 628 stipitis
661 554 756 628 parte
777 539 939 608 inferiore
960 541 1110 608 Pteridt's
1128 547 1307 631 aquilinae

209 667 344 710 crucem
366 667 425 709 seu
451 643 570 710 rudem
598 646 730 733 aquilae
749 649 890 736 figuram
911 649 1079 716 simulent.
1121 651 1305 718 Maximam

207 751 309 842 stipes
328 752 472 819 Filicum
499 775 576 817 cum
595 754 718 819 Palmis
739 757 928 847 analogiam
948 773 1019 823 tum
1050 760 1202 849 praebet,
1225 785 1304 827 cum

207 862 369 926 arboreus
397 861 444 940 fit,
475 859 534 925 ubi
563 861 685 925 eodem
709 864 813 929 modo
841 866 987 952 squamis
1017 883 1050 931 et
1071 867 1302 952 cicatricibus,

206 993 292 1056 quae
312 967 491 1034 frondibus
513 967 651 1049 dejectis
671 971 922 1060 relinquuntur,
944 976 1097 1043 obtectus
1120 993 1178 1043 est.

696 1168 718 1247 s.
762 1166 812 1231 ts.

242 1310 245 1316 ’
285 1294 347 1377 Eo,
371 1292 465 1385 quod
484 1318 565 1362 vasa
590 1318 609 1359 e
636 1294 748 1386 stipite
775 1295 811 1362 in
843 1287 975 1365 fr'ondis
995 1299 1080 1367 folia
1099 1302 1302 1392 ingrediun-

202 1419 273 1486 tur,
303 1427 448 1493 quorum
474 1403 693 1470 substantiam
726 1420 763 1471 ut
787 1408 887 1474 nervi
918 1424 951 1475 et
975 1433 1082 1477 venae
1105 1427 1299 1502 pertexunt,

199 1516 268 1591 jam
292 1518 400 1595 major
419 1513 604 1602 figurarum
624 1513 770 1581 varietas
788 1515 939 1598 efficitur,
962 1520 1180 1606 quamobrem
1196 1547 1301 1613 prae-

201 1621 316 1688 sertim
340 1622 502 1690 foliorum
526 1621 657 1688 formae
680 1647 781 1710 quam
807 1624 969 1712 plurimas
1007 1628 1189 1695 ostendunt
1221 1648 1298 1696 oum

199 1729 461 1797 fonuationibus
481 1728 742 1820 perfectioribus
760 1731 942 1819 analogias,
965 1758 1156 1820 quanquam
1169 1737 1299 1803 articu-

198 1840 282 1907 latio
305 1837 444 1905 'frondis
469 1837 506 1900 in
532 1835 607 1900 basi
626 1833 747 1924 petioh’
768 1857 828 1898 seu
849 1838 946 1899 nervi
967 1837 1162 1905 intermedii
1184 1843 1295 1908 adhue

197 1951 242 2033 inv
255 1940 418 2017 Filicibus
434 1966 505 2009 non
516 1941 692 2030 reperitur.
735 1942 861 2005 Natura
876 1941 912 2005 in
929 1940 971 2042 iis
984 1940 1173 2013 formandis
1188 1973 1291 2039 prae-

198 2059 332 2149 cipuam
352 2076 467 2122 curam
488 2051 525 2115 in
545 2048 678 2115 frondis
699 2048 939 2115 formationem
958 2051 1165 2139 impendisse
1190 2057 1294 2124 vide—

195 2183 264 2247 tur,
285 2188 362 2233 cum
382 2163 494 2228 nullus
518 2159 604 2226 ordo
626 2155 711 2224 folia
733 2155 853 2223 offerat
873 2156 959 2235 adeo
979 2161 1075 2224 varie
1097 2178 1131 2228 et
1154 2167 1295 2255 elegan-

196 2290 249 2341 ter
278 2271 434 2339 formata.
489 2270 525 2334 A
552 2267 661 2357 figura
690 2262 837 2353 simplici
869 2280 902 2330 et
931 2265 1095 2351 indivisa,
1128 2295 1193 2360 qua
1220 2295 1294 2339 non

195 2404 273 2448 raro
300 2378 393 2446 foliis
421 2375 694 2457 Graminearum,
716 2373 964 2441 Orchidearum
992 2392 1053 2443 etc.
1077 2379 1214 2462 similia,
1248 2383 1290 2447 ad

194 2487 352 2581 partitam
369 2500 373 2508 '
388 2511 426 2554 ac
450 2487 615 2567 lobatam‚
650 2481 740 2550 etin
769 2481 923 2572 plurimis
949 2484 1114 2554 Filicibus
1141 2489 1183 2553 ad
1212 2489 1289 2579 pin-

195 2597 369 2664 natifidam
402 2610 502 2685 atque
532 2595 706 2685 pinnatam
733 2591 942 2682 procedunt,
983 2610 1016 2660 et
1045 2594 1094 2661 sic
1115 2621 1177 2687 per
1193 2623 1292 2688 mag-

194 2732 273 2773 nam
300 2704 424 2772 seriem
445 2704 677 2792 analogiarum
700 2726 777 2766 cum
794 2700 956 2767 foliorum
976 2701 1094 2769 formis
1115 2705 1294 2774 Phanero-

195 2839 376 2906 gamarum,
399 2812 597 2902 praesertim
609 2808 969 2899 Dicotyledonearum‚
992 2826 1172 2880 transeunt.
1216 2815 1293 2882 Jam

193 2924 301 3014 magis
328 2921 372 2988 ad
398 2919 561 2988 foliorum
590 2913 811 2985 substantiam
834 2915 1077 3008 perfectiorum
1100 2922 1292 3009 plantarum

197 3030 362 3098 accedunt
383 3024 622 3120 epidermide,
646 3052 722 3117 qua,
747 3026 847 3093 sicuti
870 3025 990 3114 stipes,
1013 3023 1135 3093 vestita
1155 3041 1232 3091 sunt
1256 3042 1292 3092 et

195 3163 282 3228 quae
308 3139 345 3204 in
373 3140 476 3204 dorso
502 3136 635 3205 frondis
655 3140 853 3227 plerumque
874 3131 968 3223 poris
991 3147 1041 3197 est
1060 3131 1222 3200 instructa
1241 3137 1289 3222 it).

198 3247 436 3313 Trichomanes
459 3261 570 3311 autem
592 3261 626 3312 et
640 3245 958 3338 Hymeuophyllum,
980 3256 1017 3305 ut
1038 3265 1138 3332 supra
1160 3245 1289 3350 monuiJ

196 3371 230 3421 et
249 3357 312 3421 hac
333 3379 371 3420 re
393 3354 436 3419 ad
450 3355 585 3420 Muscas
611 3353 888 3444 appropinquant,
912 3374 988 3415 cum
1007 3347 1146 3415 frondes
1170 3375 1291 3419 eorum

194 3465 436 3531 translucentes
450 3463 545 3553 poris
567 3460 743 3528 destitutae
764 3462 839 3525 sint.
881 3457 978 3524 Folia
995 3458 1116 3547 crebro
1132 3458 1169 3525 in
1183 3462 1291 3530 dorso

193 3570 299 3663 paleis
324 3595 384 3637 seu
408 3571 488 3661 pilis
515 3573 651 3651 obsessa
678 3583 770 3647 sunt,
798 3565 891 3655 quod
912 3565 1106 3656 saepissime
1129 3567 1230 3634 etiam
1250 3570 1291 3636 in

194 3681 307 3772 stipite
321 3680 471 3761 obvium,
494 3695 527 3745 et
541 3679 594 3745 his
607 3677 714 3771 paleis
735 3677 840 3743 modo
858 3689 1062 3741 monstratur
1070 3674 1113 3740 ad
1121 3676 1291 3769 Lycopo-

195 3790 388 3856 diacearum
421 3787 505 3854 folia
529 3784 789 3879 approximatio,
810 3783 915 3849 modo
936 3783 1018 3849 folia
1037 3783 1231 3852 Muscorum
1249 3786 1289 3855 in

194 3894 392 3964 memoriam
409 3909 598 3976 vocantur.¹

262 4133 290 4192 ⁴)
309 4131 436 4202 Spreugel
455 4129 471 4180 Ι.
491 4147 514 4182 c.
534 4127 584 4181 Bd.
605 4128 617 4176 1
638 4127 703 4182 Tab.
723 4127 765 4180 ΠΙ.
785 4127 843 4198 Fig.
864 4129 895 4178 11
915 4136 942 4180 ot
965 4128 1007 4178 15.
