2744 4718
632 313 737 435 Et-

133 531 221 598 tinet
237 530 281 614 l⁶).
323 523 398 607 ⁸Per
417 524 494 588 illas
523 520 627 609 igitur
649 518 944 608 Lycopodiaceae.
962 515 1151 584 adrFilices
1176 542 1236 584 ac-

134 639 275 716 cedunt,
295 657 359 724 per
379 633 441 696 has
462 631 652 718 plantarum
674 624 918 718 perfectiorum
944 625 1088 715 capsulis
1115 631 1237 694 analo-

135 770 199 837 gae
220 757 307 823 sunt,
331 739 425 828 quod
446 737 753 817 observationibus,
773 757 855 823 quas
874 732 910 799 V.
926 732 969 799 V.
983 733 1130 825 Doctiss.
1145 741 1238 804 Bro-

135 871 209 920 tero
244 867 279 918 et
305 851 485 941 Solisbury
515 833 686 927 fecerunt,
714 839 921 911 confirmatis
954 862 1000 942 eo
1028 841 1237 912 manifestius

136 963 241 1042 foret,
262 983 341 1025 nam
369 956 422 1023 illi
443 979 480 1020 se
502 952 782 1021 animadvertisse
802 950 933 1034 lentot,
966 977 985 1019 e
1006 953 1060 1020 his
1089 952 1238 1046 granulis

138 1067 342 1154 majoribus,
365 1090 451 1156 quae
473 1065 586 1129 adhuc
605 1064 727 1128 tubera
744 1059 924 1150 singularis
939 1060 1065 1130 indolis
1082 1089 1143 1132 seu
1154 1046 1241 1159 pro-

141 1181 280 1273 pagines
301 1171 556 1268 gemmiformes
567 1169 685 1236 habita
702 1183 789 1250 sunt,
810 1170 941 1258 plantas
961 1171 1094 1239 exoriri
1111 1172 1241 1241 duabus

140 1287 403 1380 cotyledonibus
423 1281 604 1348 instructas
623 1282 691 1365 ll).
736 1276 821 1343 Cum
842 1300 926 1345 vero
949 1280 1082 1366 organis
1102 1305 1242 1350 mascu-

138 1397 181 1467 lis
202 1395 344 1464 omnino
366 1391 545 1458 destitutae
561 1390 638 1470 sint,
662 1387 705 1452 ad
721 1383 923 1452 inferiorrun
937 1386 1100 1454 serierum
1114 1390 1242 1459 lormas

138 1505 316 1574 recedunt„
369 1501 536 1591 Capsulae
560 1498 597 1564 in
623 1496 788 1565 foliorum
809 1494 924 1560 axillis
945 1494 1133 1566 insidentes
1161 1522 1244 1593 gra-¹

142 1613 252 1678 dnum
272 1606 355 1675 in'de
378 1632 398 1672 a
416 1609 614 1700 Lycopodio
637 1609 810 1695 Selogine,
831 1605 1013 1687 inundato,
1031 1609 1245 1699 selaginoide

144 1720 195 1784 ad
222 1714 466 1810 Lycopodium·
491 1719 708 1796 annotinum,
735 1716 928 1796 clavatum,
965 1721 1220 1806 complanatum
1230 1770 1243 1804 ,

143 1830 302 1913 alpinum
334 1839 395 1890 etc.
416 1823 454 1888 in
474 1821 584 1912 spicas
604 1836 875 1912 congregantur,
905 1844 991 1912 qnae
1011 1825 1049 1892 in
1068 1829 1246 1920 pedicellis

141 1935 337 2028 conspicuis
368 1958 388 1999 e
413 1931 554 1998 ramulis
582 1929 748 1997 extremis
779 1949 968 2024 exsurgunt
1000 1938 1099 2025 W),
1134 1924 1169 2007 et
1196 1941 1245 2008 sic

143 2045 405 2116 Graminearum
419 2042 541 2133 spicas,
556 2055 622 2122 aut,
641 2039 671 2104 si
688 2038 810 2106 foliola
823 2039 914 2106 inter
923 2044 1084 2132 :capsulas
1099 2045 1246 2138 interpo.

144 2155 210 2221 sita
230 2174 294 2243 pro
321 2151 469 2240 squamis
496 2163 608 2216 sumta
627 2146 783 2229 velimus,
804 2149 1092 2220 Amentacearum
1113 2174 1247 2226 amenta
1298 2168 1301 2172 ⁴

147 2261 381 2353 praefigurant.
1046 2239 1049 2243 ,

228 2370 457 2456 Pnopagz'nes,
485 2352 568 2455 quas
599 2364 733 2447 dicunt,
755 2363 793 2429 in
812 2362 1087 2459 Lycopodiaceis
1109 2376 1247 2463 obviae,

144 2500 298 2569 gemmae
320 2491 397 2543 sunt
410 2487 613 2565 squammae,
635 2475 869 2558 subcordatae,
892 2478 1248 2565 quaeinramulorum

146 2584 361 2674 extremitate
391 2582 561 2663 oriuntur,
599 2603 663 2647 suo
695 2591 853 2671 ‘tempore
888 2585 1075 2673 decidunt,
1112 2576 1248 2665 radices

151 2707 255 2782 agunt
274 2694 363 2761 etin
383 2715 490 2760 novas
510 2694 641 2782 plantas
664 2701 841 2756 ecrescunt
857 2695 903 2783 †).
958 2678 1110 2766 Geminis
1131 2701 1250 2771 bulbi.

148 2799 311 2869 formibus
333 2801 473 2892 quidem
500 2803 538 2869 in
557 2798 698 2867 floribus
721 2812 755 2864 et
774 2796 940 2864 foliorum
961 2803 1073 2871 axillis
1095 2831 1249 2896 quanm.

145 2910 228 2976 dam
246 2912 437 3001 plantarum
456 2909 699 3001 perfectiorum
727 2905 839 2975 obviis
862 2910 1085 3000 respondent,
1114 2921 1176 2987 sed
1197 2921 1250 2989 si.

144 3020 218 3085 mul
240 3020 284 3085 de
304 3023 571 3111 propagulorum
599 3016 758 3110 capitulis
780 3018 977 3088 Muscorum
1003 3037 1038 3090 et
1059 3026 1248 3120 Hepatica-

145 3152 223 3194 rum
244 3126 565 3196 commonefaciunt.
1237 3144 1241 3149 ·

364 3277 369 3287 0

165 3302 370 3321 *-

219 3403 249 3466 ⁶)
267 3406 372 3462 Mirbel
391 3403 409 3456 l.
428 3421 452 3458 c.
474 3405 507 3458 Τ.
527 3402 570 3457 64.
589 3401 648 3475 sig.
667 3402 747 3455 1-4.
767 3404 933 3458 scurrula
951 3403 1003 3463 Bd.
1020 3404 1052 3460 ll.
1072 3407 1115 3478 (in
1132 3408 1168 3467 ic.
1190 3418 1246 3488 Ly.

146 3503 241 3569 eopod.
260 3503 354 3556 helva.
371 3497 430 3572 Fig.
450 3500 536 3553 B-E.
555 3501 687 3570 Lycopod.
707 3490 885 3570 aelanginoid.
904 3500 963 3573 Εἰς.
983 3501 1079 3575 (103.)

217 3594 262 3663 ”)
285 3593 477 3650 Transactions
508 3591 540 3647 of
559 3594 605 3648 tlte
630 3593 756 3648 Linnean
777 3592 897 3668 society.
947 3597 997 3651 Vol
1023 3596 1083 3652 ΧΠ.
1108 3599 1184 3657 Part.
1202 3602 1246 3658 111.

146 3687 217 3746 aab.
237 3689 281 3744 19.

217 3789 278 3851 m)
293 3786 351 3843 Cir.
371 3790 459 3840 Sturm
476 3787 493 3840 l.
511 3804 536 3841 o.
556 3784 606 3838 Bd.
624 3784 656 3838 ll.
676 3784 728 3855 (io.
744 3787 977 3857 Lycopodiorum.)

220 3891 253 3948 †)
270 3885 359 3938 Sturm
376 3883 394 3936 l.
413 3899 437 3943 c.
455 3881 497 3947 (in
515 3880 549 3937 ic.
568 3885 715 3951 Lycopodii
733 3882 871 3956 Salaginie
887 3883 948 3957 Fig.
966 3901 993 3957 a,
1010 3884 1037 3956 b,
1056 3904 1082 3958 c,
1100 3887 1145 3954 d.)
1178 3950 1182 3958 ³

545 4093 844 4121 uva-*np—
