2744 4718
561 304 665 428 *ll-{-

562 517 586 594 t·
628 511 680 574 4⁹·
1060 593 1062 597 .

154 627 298 696 Fructus
313 645 428 690 aarum
451 619 598 686 enervis
613 642 652 683 ac
664 615 760 682 venis
774 611 937 680 foliorum
951 615 1014 680 sub
1030 615 1169 704 epidor-

70 739 162 805 mide
182 736 219 802 iu
236 731 370 802 frondis
388 730 492 796 dorso
501 732 537 815 ἦ4)
549 730 608 794 vel
625 751 657 792 v.
670 750 698 790 c.
719 723 755 789 in
767 725 1169 813 Stachyopteridihusm)

74 862 109 913 et
130 844 333 934 quibusdam
369 835 748 922 Schismatopteridibus
766 834 840 919 l³³⁶⁵)
872 857 918 898 ex
945 833 1083 900 summis
1107 832 1171 898 sti-

74 955 154 1046 pitis
180 952 334 1031 ramulis‚
368 949 427 1037 qui
454 945 541 1011 nihil
569 945 655 1009 sunt
672 939 740 1006 nisi
769 939 868 1006 nervi
887 936 1051 1023 foliorum
1068 938 1172 1018 divisi

75 1064 337 1152 parenchymate
358 1082 429 1125 non
450 1048 669 1128 circumdati,
698 1047 926 1138 egrediuntur.
969 1050 1011 1119 In
1034 1048 1173 1143 Gyrop7

79 1170 241 1235 ter'idibus
259 1167 387 1233 fructus
408 1166 465 1230 isti
486 1157 674 1252 primordio
696 1171 733 1222 ut
753 1162 954 1249 corpuscula
964 1184 1071 1252 opaca
1088 1165 1176 1229 sub-¹

80 1279 221 1367 globosa
242 1273 453 1366 parantheris
474 1271 670 1336 Musoorum
690 1267 813 1334 similia
830 1286 1007 1359 apparent,
1032 1286 1065 1336 et
1084 1270 1174 1338 inter

76 1386 160 1452 haec
188 1384 392 1474 quibusdam
423 1384 458 1448 in
489 1377 670 1469 generibus
697 1381 746 1462 (v.
771 1405 799 1446 c.
820 1383 971 1446 Pteride.
1002 1384 1171 1463 Blechuo,

81 1495 340 1579 Woodwardia)
362 1492 420 1555 fila
444 1505 519 1555 sunt
542 1487 717 1578 perlucida
740 1488 914 1553 articulata
925 1491 977 1574 ἢ),
998 1512 1083 1576 quae
1103 1513 1173 1556 non

76 1602 274 1665 Muccurum
301 1596 509 1687 parantheris
533 1596 592 1661 sed
616 1595 862 1685 paraphy'sibus
885 1597 1024 1680 similia,
1046 1601 1103 1665 vel
1130 1598 1174 1664 ad

80 1728 247 1771 summum
266 1699 520 1792 indigitationes
540 1703 766 1771 nectariorum
784 1707 974 1795 plantarum
984 1706 1174 1798 perfectio-

80 1808 154 1881 rum
170 1813 325 1880 ducenda
338 1825 423 1874 sunt.
457 1809 733 1879 Conformatione
751 1811 920 1879 fructuum
934 1814 1174 1904 progrediente

76 1925 218 1988 annulus
231 1919 434 1986 articulatus
453 1919 655 2010 disjungitur
676 1947 695 1986 a
714 1922 831 1988 tunica
849 1937 993 1989 externa
1014 1926 1175 1991 cellulosa

75 2030 219 2097 istorum
251 2031 466 2119 globulorum
491 2033 568 2118 ††);
603 2028 680 2098 folii
714 2029 896 2120 epidermis
918 2030 1116 2099 dissolvitur
1143 2049 1176 2100 et

79 2141 234 2227 capsulae
273 2138 377 2226 igitur
410 2140 522 2205 nudae
555 2154 727 2228 apparent.
791 2138 965 2206 Interdum
993 2142 1176 2233 epidermis
1212 2192 1214 2198 -
1313 2166 1317 2171 ·
1345 2134 1358 2171 ⁷

81 2247 244 2313 dissoluta
262 2261 297 2310 ut
313 2247 527 2313 involucrum
545 2247 581 2311 in
599 2249 685 2314 soris
703 2265 854 2315 remanet
871 2266 904 2316 et
917 2265 988 2316 tum
1001 2250 1176 2317 Indusium

79 2357 203 2421 lormat
215 2357 309 2440 l-l-l),
334 2360 426 2436 cujus
444 2356 628 2423 secundum
641 2355 768 2424 formas
780 2355 904 2422 Filices
920 2350 1174 2424 distribuuntur.

79 2463 244 2554 Capsulae
273 2466 310 2531 in
341 2481 429 2532 statu
460 2482 594 2532 maturo
627 2466 825 2533 clasticitate
859 2465 974 2532 annuli
1010 2466 1176 2533 articulati

81 2568 258 2636 dehiscunt
278 2586 312 2637 et
326 2595 448 2663 sporae
471 2598 619 2664 asperae,
641 2575 769 2641 liberae
792 2574 963 2641 excidunt.
1006 2575 1058 2656 Id,
1083 2576 1176 2663 quod

83 2681 237 2768 capsulae
257 2679 294 2745 in
314 2674 476 2747 foliorum
498 2687 601 2750 dorso
622 2680 780 2763 insident,
794 2685 843 2748 'de
863 2681 1071 2772 Targiouiae'
1088 2681 1178 2749 inter

82 2787 258 2858 Hecaticas
289 2789 550 2858 fructificatione
581 2789 851 2857 commonefacit.
910 2791 1176 2878 Schismutopte-

79 2897 172 2961 rides
189 2900 312 2965 annulo
333 2900 510 2968 articulato
530 2915 659 2981 carent,
682 2915 717 2965 et
737 2923 851 2965 earum
872 2901 1027 2989 capsulae
1048 2913 1176 2967 tantum

77 3000 115 3067 in
141 3003 226 3070 rima
253 3004 438 3076 dehiscunt.
481 2995 717 3099 Poropteridcs
741 3010 893 3098 capsulas
916 3024 1037 3096 gerum
1056 3008 1176 3075 multi-

77 3114 263 3196 loculares,
283 3140 369 3204 quae
390 3119 592 3208 regulariter
611 3118 706 3209 apice
726 3116 946 3185 foraminibus
968 3141 1028 3185 seu
1042 3117 1174 3186 rimulis

91 3251 297 3274 m...-

148 3352 177 3413 ')
203 3351 336 3422 Kaulsuas
360 3351 378 3404 l.
403 3370 426 3405 c.
445 3351 513 3406 Tali.
532 3350 552 3408 l.
572 3353 630 3427 Fig.
649 3358 675 3423 2,
693 3356 721 3423 4,
743 3357 776 3406 12
788 3360 815 3408 et
833 3355 1030 3406 13.-Weber
1047 3359 1075 3404 st
1091 3352 1175 3405 Matr

80 3445 98 3497 l·
117 3461 142 3498 ο.
160 3446 226 3499 Tab.
245 3445 277 3498 ll.
296 3445 353 3518 Fig.
372 3449 388 3497 2
408 3456 433 3500 et
450 3446 475 3500 4.
494 3451 562 3504 Tab.
581 3452 623 3505 lll.
642 3450 701 3523 Flg.
722 3453 738 3503 3
757 3458 785 3506 el
803 3450 828 3503 5.

149 3534 195 3603 u)
217 3544 352 3616 Kaulfuss
369 3545 387 3597 l.
414 3563 438 3598 c.
457 3545 516 3616 Fig.
537 3552 561 3599 1.
580 3577 615 3586 -
635 3551 727 3601 Weber
744 3555 772 3601 st
789 3547 872 3600 Moltr
888 3544 906 3598 l.
925 3560 949 3597 c.
967 3540 1033 3594 Tab·
1050 3539 1095 3596 Ν.
1113 3540 1174 3612 Fig.

75 3635 156 3688 5-7.
181 3666 216 3678 -·
234 3641 321 3690 Sturm
338 3641 408 3695 l.·c.
433 3640 484 3694 Bd.
507 3640 539 3695 ll.
567 3641 602 3696 ic·
631 3645 754 3699 Osmund.
776 3645 922 3697 Matricar.
939 3634 1002 3690 Lin.
1023 3665 1055 3677 -
1072 3633 1122 3688 Bd.
1141 3634 1162 3687 l.

77 3733 251 3803 Ophiogloss.
267 3735 340 3806 vulg.
356 3750 381 3786 et
400 3740 523 3789 osmund.
539 3744 639 3791 Jssunar.
659 3738 724 3792 Lln.

144 3829 202 3897 m)
222 3834 309 3882 Sturm
326 3831 344 3883 l.
363 3813 387 3884 ci
407 3830 443 3898 lc,
464 3836 588 3891 osmund.
606 3856 662 3906 reg.
681 3833 744 3887 Lin.

146 3934 178 3988 †)
198 3929 328 3999 Sprengcl
342 3928 360 3981 l.
380 3945 403 3981 c·
423 3928 473 3980 Bd.
493 3927 524 3980 ll.
543 3928 621 3982 Abth.
641 3933 665 3985 1.
683 3926 750 3984 Tuli.
769 3926 796 3980 4.
813 3925 872 3998 Fig.
890 3924 934 3978 85.

149 4030 198 4084 st)
218 4023 322 4085 Mirlsel
339 4024 357 4084 l,
377 4041 403 4077 c.
420 4024 452 4075 Τ.
470 4020 514 4074 64.
533 4023 591 4095 Fig.
611 4024 638 4091 6,
658 4024 720 4078 Cet
738 4022 775 4077 D.
794 4053 828 4064 ·-
846 4020 977 4091 ‹Sprengel
993 4021 1011 4073 l.
1031 4038 1054 4075 c.
1069 4020 1128 4092 Fig.
1143 4020 1177 4071 86
1207 4061 1209 4065 ,
1239 4050 1248 4062 ι

148 4125 214 4181 †††)
233 4119 337 4172 Mirbel
353 4119 370 4171 l.
390 4136 414 4174 o.
433 4118 464 4171 F.
482 4117 501 4170 6
517 4119 539 4171 Α
555 4128 581 4171 cl
598 4120 628 4173 B.
640 4149 675 4161 -
690 4119 804 4173 Sturml.
815 4137 840 4175 c.
851 4117 902 4171 Bd.
915 4115 958 4168 lll.
974 4121 1022 4189 (ic.
1035 4118 1172 4177 bilicum).
