2744 4718
713 315 809 436 §A
905 275 919 289 .

208 535 242 586 ta
274 521 318 585 ad
343 518 443 587 valde
463 518 703 609 compositam,
727 520 887 590 foliosam
909 536 1009 610 atque
1024 539 1306 591 ramosamtran-

207 642 307 695 seunt
326 642 360 695 et
380 629 447 695 hoo
478 629 591 713 modo,
612 628 910 722 Homallophyllas
940 630 1134 721 inferasque
1153 631 1306 722 Hepati-

208 761 263 803 cas
296 760 372 802 cum
395 734 522 802 Muscis
541 750 575 802 et
599 760 661 827 per
682 739 746 802 hos
777 761 854 804 cum
880 739 1032 805 seriebus
1057 739 1305 826 perfectiorum

204 849 395 936 plantarum
413 849 631 934 conjungunt.
674 847 750 912 Alii
766 847 804 919 in
822 845 946 929 fronde
964 849 1077 913 adhuc
1102 855 1306 940 corpuscula

205 954 405 1045 propagulis
430 952 578 1044 impleta‘
591 953 783 1046 continent,
812 950 850 1020 in
876 954 953 1022 aliis
974 971 1086 1023 autem
1114 964 1312 1049 propagula'

205 1061 389 1129 acervatim
413 1061 449 1127 in
476 1061 573 1150 apice
601 1058 766 1127 soliorum
791 1062 942 1131 insident
961 1068 997 1153 l‘)
1032 1065 1091 1137 alii
1114 1059 1314 1158 propagula'

203 1172 240 1236 in
268 1170 422 1261 capitulis
450 1167 663 1260 pedicellatis
679 1185 867 1259 ,aggregata
888 1172 1069 1261 proferunt
1080 1178 1155 1266 *ἧς
1185 1199 1303 1242 omnes

203 1303 287 1347 vero
309 1278 550 1370 quadrivalves
570 1292 694 1368 gerunt
710 1282 877 1369 capsulas,
903 1306 989 1369 quae
1015 1283 1105 1351 intra
1128 1286 1302 1374 calyculos

201 1387 360 1480 proprios
381 1386 647 1468 utriculiformes
668 1411 715 1454 ex
741 1388 867 1457 orariis
881 1389 1010 1481 pistillo
1025 1393 1181 1460 intructis
1202 1417 1305 1460 enas-

203 1513 325 1566 cuntur
348 1512 396 1579 et,
416 1497 454 1571 in
478 1495 628 1579 modum<
645 1495 861 1580 Museorum,
892 1499 1149 1592 paraphysibus,
1170 1501 1301 1568 cinctae

200 1606 343 1697 ipsaque
374 1607 538 1696 calyptra.
560 1606 688 1681 caduca
711 1605 895 1675 instructae
922 1624 1020 1675 sunt„
1058 1612 1152 1676 Haec
1176 1609 1304 1700 pistillo

200 1715 237 1779 in
258 1729 349 1784 statu
366 1729 500 1794 maturo
520 1713 756 1815 inpedicellis
783 1713 962 1802 diaphauis
985 1715 1156 1787 cellulosis
1178 1740 1302 1784 ascen-

201 1825 286 1888 dunt
298 1825 482 1910 etcapsula
501 1814 733 1905 quadrivalvis
753 1817 918 1882 seminula
941 1822 1085 1906 (speras)
1108 1823 1297 1888 celluloso-

200 1923 1297 2023 punctatafilisspiralitercoutortis‚catenulatis(Elcteribus)***)

200 2039 300 2111 affixa
332 2034 494 2113 continet.
544 2031 637 2100 Tota
662 2034 820 2120 capsulae
851 2032 1048 2100 evolutione
1069 2032 1301 2122 langerman-

200 2149 278 2216 niae
305 2143 409 2236 igitur
429 2143 475 2209 ad
499 2143 635 2208 Muscos
661 2140 829 2206 accedunt
858 2154 891 2205 et
918 2164 1110 2228 quanquam
1140 2143 1205 2206 hac
1225 2143 1300 2230 ipsa

199 2285 237 2326 re
276 2256 470 2331 evidentem
497 2235 662 2343 praebent
687 2250 759 2328 vel·
781 2271 857 2313 cum
881 2248 1007 2338 plantis
1034 2245 1299 2338 perfectioribus

201 2365 407 2454 analogiam,
432 2375 584 2429 maturae
615 2373 728 2424 tamen
757 2357 914 2444 capsulae
947 2354 1109 2422 formatio
1131 2355 1199 2422 filis
1223 2358 1298 2423 ela-

200 2477 293 2545 sticis
314 2496 492 2565 sperarum
516 2470 560 2538 ad
578 2468 760 2541 inferiores
780 2468 907 2544 formas
931 2463 1064 2532 recedit
1083 2468 1130 2552 †).

201 2692 404 2712 m

269 2824 300 2886 “)
319 2824 452 2888 Martius,
469 2819 552 2873 Flore
569 2810 966 2891 cryptogamicaErlengensis.
985 2809 1054 2865 Tol).
1067 2807 1111 2863 lll.
1129 2808 1187 2883 [lig.
1207 2810 1251 2881 13,
1269 2810 1298 2866 b.

270 2973 316 3033 ⁶⁴⁸)
334 2968 463 3043 Sprengel
477 2969 495 3022 l.
514 2985 538 3022 c.
558 2966 626 3021 Teu.
645 2962 672 3015 4.
690 2961 750 3032 Fig.
768 2960 813 3015 77.

271 3121 334 3184 m)
353 3117 409 3174 Cir.
429 3112 558 3187 Sprengel
574 3114 593 3167 l.
612 3130 636 3168 c.
655 3111 721 3165 Tul).
737 3110 766 3175 4.
785 3109 843 3182 Fig.
861 3108 974 3161 68-73.

275 3277 307 3334 †)
324 3265 489 3340 llepsticae,
508 3279 580 3337 quae
597 3260 707 3316 nonnisi
724 3260 753 3314 in
770 3256 929 3331 regionibus
947 3252 1061 3326 tropicis
1075 3251 1302 3324 perfectissimam

204 3365 401 3425 nanciscuntur
425 3359 627 3426 evolutionem,
646 3354 787 3411 informis
811 3350 945 3423 supremis
968 3359 1135 3405 structurum
1153 3350 1302 3404 ostendunt

204 3464 274 3518 adeo
291 3459 456 3534 perlectam,
474 3466 506 3511 ut
523 3454 556 3508 iis
574 3451 707 3526 adspectis
724 3450 822 3505 dubius
840 3435 889 3516 sis,
908 3464 944 3502 an
960 3463 1017 3501 uon
1033 3445 1133 3500 hurum
1151 3461 1234 3498 cause
1249 3461 1301 3499 su-

203 3575 256 3630 pra
273 3555 383 3611 Muscos
402 3553 456 3607 siut
480 3550 631 3624 ponendae.
668 3546 761 3620 Quum
784 3561 849 3599 vero
871 3541 987 3621 intimae=
999 3559 1094 3596 esrum
1111 3539 1217 3595 formae
1235 3549 1299 3594 teu-

203 3654 315 3710 tundsrn
331 3658 485 3722 congruent
502 3665 566 3702 cum
583 3639 817 3715 Homullophyllis‚
844 3656 913 3713 quae
930 3637 1025 3692 itidem
1043 3637 1078 3690 ed
1095 3634 1230 3691 Lichenes
1244 3651 1301 3708 ap-

203 3748 401 3824 propioquant,
419 3744 476 3799 sine
494 3741 577 3797 dubio
595 3741 624 3794 in
642 3748 786 3813 systemate
801 3737 894 3792 subter
902 3733 1012 3789 Muscos
1026 3730 1158 3787 locandae
1171 3740 1250 3802 sunt5
1262 3759 1301 3770 -

204 3842 334 3918 quoniam
351 3841 436 3896 multu
453 3833 552 3894 adsunt
570 3824 699 3909 exemplu,
719 3852 799 3907 quse,
820 3828 995 3885 formationes
1013 3822 1191 3900 perfectiores
1209 3829 1301 3896 cujus·

203 3941 270 3997 libet
296 3938 377 3998 seriei
401 3953 485 4008 super
503 3930 601 3989 inlinis
620 3929 701 3985 seriei
719 3925 869 4001 superioris
886 3927 978 3980 locum
994 3933 1106 3991 tenere,
1125 3920 1300 3984 confirment.
