2744 4718
636 282 715 365 '52

136 483 331 579 =Ostendant
347 486 481 574 quidem
497 493 612 557 habitu
628 492 844 580 conspicuam
860 492 1029 578 quandam
1043 516 1120 558 cum
1135 493 1232 560 Con-

133 590 243 675 fervis
263 595 469 683 analogiam,
503 600 563 662 sed
584 600 716 665 interna
737 613 906 664 structura
931 600 1031 665 nimis
1062 603 1102 667 ab
1130 601 1231 692 Algis

138 704 311 767 recedunt.
353 703 426 768 Etsi
445 704 562 771 Charis
584 733 667 774 vera
684 731 765 774 vasa
788 708 925 798 spiralia
946 711 1139 791 adscribere
1159 733 1231 777 non

138 811 321 899 possimus,
352 816 537 883 secundum
557 816 814 884 observationes
831 817 901 885 Cel.
919 818 961 884 ‹le
977 817 1093 885 Martii
1112 822 1146 906 *)
1170 837 1224 886 tu-

138 917 210 982 buli
227 920 395 986 rameniis
417 938 503 1004 sunt,
525 923 562 989 in
576 929 681 993 caulis
701 927 885 993 substantia
903 927 992 994 circa
1008 930 1124 994 tubum
1144 953 1231 997 cen-

137 1031 257 1122 tralem
271 1020 486 1098 concentrice
500 1034 672 1123 dispositi,
695 1060 761 1124 qua
779 1060 817 1101 re
830 1036 972 1125 propius
991 1039 1036 1101 ad
1046 1037 1231 1126 Equiseta-

139 1145 433 1223 cearumcaulem,
450 1147 562 1209 minus
578 1169 663 1212 vero
677 1146 720 1212 ad
734 1146 883 1210 culmum
894 1141 1153 1212 Graminearum
1166 1172 1228 1214 ac-

138 1248 281 1329 cedunt,
305 1265 338 1314 et
351 1273 414 1331 eo,
437 1253 530 1340 qnod
545 1255 582 1317 hi
600 1257 736 1334 caules,
758 1251 953 1341 saepissime
975 1255 1077 1320 etiam
1098 1257 1229 1339 sulcati,

137 1357 289 1443 pluribus
313 1358 350 1423 in
377 1359 494 1426 Charis
518 1363 665 1429 contorti
690 1378 784 1442 sunt,
818 1358 927 1426 tubuli
951 1361 1009 1428 isti
1036 1362 1231 1433 evidentem

138 1467 327 1554 analogiam
339 1471 502 1557 praebent
516 1496 591 1537 oum
609 1471 692 1560 ipsis
707 1473 898 1560 plantarum
911 1471 1154 1561 perfectiorum
1164 1497 1232 1540 va-

136 1574 226 1638 sibus
244 1577 439 1663 spiralibus,·
457 1600 558 1668 quam
573 1578 762 1668 analogiam
782 1580 882 1645 etiam
896 1579 1042 1669 reperiri
1057 1580 1094 1646 in
1106 1581 1228 1651 fronde

136 1682 306 1771 spiraliter
329 1702 484 1753 contorta
505 1689 674 1754 Fncorum
697 1701 797 1774 atque
819 1688 985 1754 Ulvarum
1006 1712 1038 1754 v.
1061 1712 1092 1776 g.
1125 1691 1233 1758 Ulvae

134 1792 273 1856 Fascice
284 1794 316 1874 β.
329 1795 465 1881 Lyngb.
481 1810 513 1858 et
535 1799 640 1858 Ulcae
652 1794 963 1879 plantaginifcliae
975 1797 1008 1874 β.
1019 1797 1154 1883 Lyngb.
1165 1803 1232 1884 W),

137 1922 175 1962 ac
195 1899 233 1964 in
246 1897 401 1965 utriculis
421 1901 648 1966 matricalibus
666 1898 702 1962 in
723 1897 813 1985 spira
833 1896 1004 1961 subductis
1021 1901 1231 1985 quarundam

138 1994 384 2079 conservarunt
401 2032 432 2072 v.
449 2033 477 2072 c.
497 2008 685 2092 Conseruere
699 2007 864 2092 quininae
876 2004 976 2068 Mam.
1020 2008 1233 2099 (Zygnema-

140 2120 183 2179 tis
200 2118 334 2210 quininz‘
345 2114 496 2207 Lyngb.)
521 2113 778 2203 Conscruoeque
791 2112 978 2178 deciminae
992 2115 1092 2177 Mun.
1117 2118 1235 2205 (Zyg-

136 2249 218 2290 nem.
237 2226 393 2289 deciminz'
414 2224 549 2317 Lyngb.
568 2227 644 2309 W)
666 2223 784 2314 negari
802 2243 873 2286 non
891 2216 1020 2309 potest,
1042 2221 1104 2285 sed
1121 2245 1234 2308 quan-

135 2347 206 2395 tum
222 2331 388 2398 remotior
404 2348 454 2423 est
470 2333 555 2398 haec
576 2330 751 2422 analogia!
793 2327 1018 2418 Praecipuum
1037 2352 1122 2396 vero
1145 2329 1229 2396 mihi

136 2439 317 2504 discrimen
339 2465 412 2507 esse
429 2441 584 2523 videtur,
613 2441 708 2530 quod
731 2437 881 2506 Chareae
904 2434 946 2502 iis
968 2435 1052 2529 ipsis
1074 2436 1224 2505 utriculis

133 2547 363 2615 matricalibus
388 2568 520 2632 carent,
551 2549 611 2641 qui
637 2547 738 2639 Algis
760 2571 799 2613 ac
821 2546 1022 2639 praesertim
1052 2545 1228 2613 Conservis

135 2656 302 2747 Ulvisque
331 2660 463 2751 proprii
496 2673 603 2725 totam
644 2657 795 2748 ipsarum
820 2654 1038 2721 substantiam
1063 2655 1231 2722 internam

140 2766 276 2833 efficere
298 2771 426 2850 solent,
460 2790 642 2855 earumque
663 2767 894 2831 characterem
915 2765 1126 2831 essentialem
1143 2760 1239 2830 con-'

136 2864 293 2957 stituunt,
316 2891 350 2943 et
366 2874 642 2968 inPhycoidatis
667 2896 803 2962 qnoque
823 2888 860 2938 ut
880 2896 1002 2963 sporae
1022 2873 1138 2942 frondi
1161 2871 1236 2938 im·-

133 3009 264 3050 mersae
284 2984 409 3075 ubique
421 2997 600 3077 apparent..
632 2976 787 3075 ,Granula
807 2979 917 3064 enim,
933 3003 935 3008 ’
952 3007 1037 3070 quae
1057 2982 1093 3047 in
1112 2956 1242 3073 laevi-3¹
1292 3060 1295 3065 .

136 3097 196 3158 bns
212 3091 362 3159 caulibus
378 3091 559 3184 pellucidis
572 3090 810 3157 nonnullarum
822 3090 1012 3180 specierum
1029 3115 1062 3157 v.
1079 3115 1109 3181 g.
1135 3090 1233 3156 Cha-

137 3225 198 3266 roe
206 3200 344 3285 flexilis
364 3201 425 3265 sub
442 3200 534 3266 lente
551 3199 654 3295 valde
672 3213 815 3289 augente
835 3198 1106 3291 conspiciuntur,
1126 3197 1237 3264 mini-

137 3335 192 3375 me
208 3334 329 3399 sperae
349 3306 442 3392 sunt,
465 3309 525 3374 sed
549 3308 678 3397 globuli
701 3307 795 3373 succi
819 3305 975 3390 nutricii,
1005 3306 1064 3399 qui
1085 3307 1234 3373 duorum

138 3419 228 3483 succi
249 3417 424 3483 fluminum
443 3418 550 3483 instar
574 3416 674 3483 alteri
693 3422 789 3497 juxta
818 3418 942 3483 alteros
963 3418 1022 3483 vel
1045 3398 1235 3482 ascendunt

137 3534 193 3595 vel
214 3518 422 3599 descendunt
433 3532 478 3613 †).
522 3528 563 3595 In
579 3526 680 3616 Algis
697 3523 869 3591 rarissime
891 3525 993 3613 etiam
1008 3525 1132 3615 ramuli
1146 3549 1233 3618 ver-

135 3657 314 3668 *-

205 3711 235 3771 *J
255 3714 377 3763 Mardus
394 3709 424 3763 ln
435 3707 508 3763 Actis
523 3707 604 3763 lead.
621 3708 700 3761 Caes.
716 3701 801 3778 lteop.
819 3707 909 3762 Carol.
926 3706 986 3761 Nat.
1011 3724 1070 3761 cur.
1090 3706 1157 3761 rab.
1177 3692 1232 3762 lX.

136 3828 163 3878 p.
184 3808 241 3857 lSl.

207 3903 250 3963 ”J
272 3903 394 3972 Lyngbye
408 3901 425 3951 l.
441 3918 465 3955 c.
480 3902 547 3955 Tah.
563 3901 579 3952 5
594 3910 621 3953 el
635 3899 661 3951 6.
769 3964 772 3971 Δ

105 4055 108 4065 ¹
206 3998 262 4056 ’Ἣ
282 4000 405 4066 Lynglnv
419 3996 437 4049 l.
455 4014 478 4050 c.
498 3998 567 4051 Tab.
580 3997 623 4050 59.

208 4096 242 4157 †)
262 4066 405 4143 Clu-Nm
425 4091 530 4144 Handb.
544 4091 593 4145 der
614 4093 676 4145 Bot.
693 4090 742 4144 Bd.
758 4087 777 4141 l·
799 4109 826 4160 p.
843 4087 904 4141 443.
917 4118 951 4130 —
989 4091 1075 4141 Gaui
1088 4084 1118 4145 in
1133 4086 1231 4157 Brug-
