2744 4718
669 303 694 372 7

634 405 731 422 ψ

133 509 209 603 prie
240 507 373 587 dicunt,
395 503 457 571 sed
486 508 558 586 ejus
585 506 664 571 loco
705 506 823 594 calyce
854 506 1007 570 colorato
1039 503 1225 595 praeditus,

134 634 167 684 et
194 617 230 684 in
252 617 408 684 omnibus
431 618 502 694 ejus
521 612 673 702 partibus
697 611 778 677 trias
808 610 1006 679 ostenditur.

218 725 408 814 Praecipua
435 727 519 790 vero
544 721 953 812 Monocotyledouearum
982 721 1171 812 proprietas
1195 714 1231 788 in

137 858 181 902 eo
213 848 273 913 est,
302 833 396 921 quod
427 831 510 897 folia
537 854 612 897 cum
641 844 762 895 trunco
791 844 950 896 concreta
979 845 1069 912 sunt,
1094 854 1230 919 neque,

137 941 239 1008 sicuti
260 940 297 1006 in
321 942 428 1006 classe
447 939 663 1028 insequente,
686 937 923 1005 articulatione
943 940 1054 1025 abseo
1077 938 1229 1005 diremta.

137 1050 314 1118 Foliorum
342 1047 440 1128 nervi
460 1047 511 1112 nil
530 1046 597 1112 nisi
618 1070 699 1114 vasa
719 1040 936 1136 prolongata,
959 1036 1045 1136 quae
1073 1048 1109 1114 in
1136 1051 1232 1115 caule

139 1159 325 1226 ascendunt
349 1174 382 1225 et
402 1160 489 1223 latus
510 1178 629 1223 versus
650 1155 687 1220 in
706 1154 828 1220 folium
847 1155 1096 1243 producuntur,
1129 1183 1233 1247 quare

138 1268 223 1337 folia
243 1291 313 1334 non
339 1263 454 1354 (utin
470 1261 773 1350 Dicotyledoneis)
805 1285 927 1351 organa
948 1279 1117 1355 separata,
1146 1287 1234 1356 pro-

136 1377 219 1467 pria,
242 1375 339 1465 quasi
353 1369 521 1465 peculiari
535 1369 752 1458 vegetatione
768 1369 933 1452 fruentia,
963 1373 1026 1439 sed
1048 1373 1235 1466 expansio·

138 1509 199 1552 nes
220 1497 352 1550 tantum
377 1478 543 1563 loliaceae
570 1476 678 1567 ipsius
702 1479 814 1545 trunci
841 1480 1047 1547 substantiae
1068 1484 1233 1550 habenda.

139 1594 233 1661 Vasa
254 1591 315 1655 illa
333 1586 445 1652 trunci
464 1607 533 1653 non
552 1587 767 1653 concentrice
793 1586 972 1678 disposita,
994 1590 1055 1656 sed
1072 1590 1235 1682 dispersa,

141 1723 209 1788 qua
238 1698 281 1763 de
308 1719 408 1762 causa
431 1696 561 1784 lignum
584 1719 755 1782 nunquam
776 1719 897 1761 verum
920 1695 1045 1763 format
1065 1702 1233 1766 annulum.

140 1807 297 1873 Truncus
322 1800 433 1867 autem
454 1803 867 1893 Monocotyledonearum
895 1805 1125 1895 arborearum,
1147 1812 1181 1876 'v.
1203 1834 1232 1876 c.

138 1914 166 1982 P
173 1915 386 1991 almarum,
404 1923 606 1975 structuram
631 1909 837 1999 singularem
857 1911 1234 2005 fibroso-spongiosam,

140 2038 173 2089 et
199 2035 321 2086 cortex
354 2033 514 2084 externus
539 2016 714 2083 cicatrices
741 2020 896 2108 copiosas
920 2019 1054 2089 frondis
1085 2024 1235 2106 dejectae

142 2126 298 2194 ostendit.
321 2112 508 2190 'Nonullae
524 2126 623 2203 hujus
644 2125 792 2193 familiae
812 2130 945 2216 plantae
963 2155 995 2196 v.
1011 2153 1039 2196 c.
1061 2135 1236 2199 Liliaceue

97 2321 104 2329 β
144 2261 163 2302 e
185 2236 325 2324 gemmis
346 2232 839 2322 subterraneispersistentibus
856 2237 1003 2324 (battis)
1024 2256 1235 2325 enascuntur,

142 2346 215 2424 vel,
242 2342 342 2409 sicuti
365 2343 515 2422 Irideae,
545 2342 723 2432 egemmis
752 2344 789 2408 in
804 2345 914 2412 nodos
946 2346 1096 2414 confusis
1124 2351 1235 2438 (tube-

142 2455 260 2539 ribus.)

631 2650 654 2729 t.
698 2648 748 2712 10.

227 2777 262 2841 A
280 2762 619 2863 Monocotyledoueis
640 2803 775 2868 quoque
794 2778 960 2866 quaedam
973 2753 1103 2846 formae
1121 2780 1236 2847 disce-

144 2882 248 2963 dunt,
282 2882 383 2949 sicuti
417 2882 540 2950 Filices
575 2888 617 2950 ab
645 2887 933 2977 Acotyledoneis,
954 2887 1001 2951 ita
1032 2901 1068 2950 ut
1093 2912 1155 2976 per
1179 2912 1234 2954 eas

142 2989 498 3082 Monocotyledoneae
529 2993 724 3083 paulalatim
757 2995 794 3058 in
822 2993 1114 3085 Dicotyledoneas
1139 3011 1236 3064 tran-

144 3116 246 3166 seant.
1013 3101 1018 3111 '

228 3207 282 3275 Sic
308 3212 374 3288 jam
399 3207 577 3300 Cycadeae
606 3212 782 3302 (Cycaset
804 3215 946 3298 Zcmic)
971 3215 1128 3280 aPalmis
1143 3237 1235 3278 mere

148 3317 485 3409 monocotyledoneis
502 3318 681 3385 discedunt
698 3340 843 3409 corpore
864 3321 1099 3409 cotyledonari
1118 3321 1238 3401 bifido,

144 3422 182 3489 in
198 3450 266 3514 quo
291 3430 458 3519 embryon
479 3429 662 3510 intrusum,
685 3427 779 3516 quod
793 3442 826 3493 et
843 3427 879 3492 in
894 3427 1061 3517 Coniferis
1082 3424 1237 3494 animad-

94 3610 97 3619 ι
144 3526 298 3603 vertitur.
347 3539 387 3604 In
409 3538 598 3631 Cycladibus
623 3535 886 3627 germinantibus
912 3557 1035 3629 corpus
1054 3539 1238 3627 cotyledo-

146 3668 229 3710 nare
262 3646 299 3711 in
327 3647 414 3710 latus
441 3650 664 3735 prolongatur
691 3660 725 3711 et
757 3647 872 3736 plures
900 3643 1031 3736 profert
1061 3669 1236 3732 squamas,

145 3751 236 3820 inter
253 3778 336 3843 quas
344 3753 427 3820 folia
447 3754 680 3845 primordialia
700 3751 914 3843 proveniunt.
962 3746 1142 3836 Conijcrac
1156 3778 1237 3821 cor-

145 3887 209 3952 pus
243 3862 488 3953 cotyledonare
520 3886 621 3951 super
650 3878 740 3929 terra
772 3859 910 3927 omnino
942 3883 1013 3926 non
1041 3864 1237 3948 ostendunt,

147 3973 208 4035 sed
231 3972 343 4038 statim
370 3996 446 4038 cum
474 3971 628 4061 pluribus
653 3970 781 4038 foliolis
807 3967 974 4058 primariis
999 3995 1044 4036 ex
1076 3995 1116 4037 ea
1135 3997 1238 4062 egre-

145 4080 303 4162 diuntur,
332 4104 435 4168 quare
461 4080 618 4160 antehac,
641 4079 793 4169 quamvis
822 4103 1016 4169 perperam,
1047 4079 1236 4172 Polycoty-
