2744 4718
616 307 664 379 57

92 510 371 589 Zonuiclrelliac,
406 511 635 598 Myr-toptqttt
664 523 705 592 ct
723 508 885 592 Ruppiac
909 528 1012 595 pauca
1037 502 1189 575 solitaria

93 621 150 685 vel
184 617 377 682 tenuissima
409 620 536 682 liabent
569 641 651 682 vasa
680 613 816 702 spiralia
848 615 898 699 ³³⁶),
921 613 967 677 ita
996 611 1189 683 ιιιΗιιάοΙ,ἠ

91 729 229 815 plri‚**)
252 724 324 815 ipsa
345 729 588 813 Puturuogetc‚
624 721 867 810 Ceratoplrylla
888 735 920 786 et
948 718 1192 810 Myribplty'llu

92 834 216 926 plantis
239 835 439 924 aspiralibus
461 831 688 923 adscripserit.

587 1016 756 1035 ..w—-

424 1217 864 1336 EPILOGUS'.¹

582 1402 700 1485 aso.

100 1552 105 1559 '
177 1537 288 1604 Simili
317 1535 467 1616 ratione,
499 1562 566 1624 qua
586 1537 705 1602 adhuc.
719 1535 876 1601 transitus
899 1547 998 1620 atque
1020 1527 1191 1616 analogias

95 1647 186 1711 inter
217 1632 520 1734 Cryptogamaruin
547 1645 683 1735 ordines
706 1641 867 1733 exposui,
896 1641 1000 1706 etiam
1030 1638 1072 1702 de
1098 1638 1194 1729 Pha—

96 1776 352 1842 nerogamarum
376 1753 550 1820 ordinibus
572 1752 838 1843 disseri‘q'iossst²
872 1766 905 1816 et
924 1749 1083 1841 prolecto
1105 1754 1194 1835 o'pus'

93 1862 183 1929 foret
210 1879 278 1929 tam
310 1864 494 1943 jucundum
520 1869 620 1951 qna'm
640 1863 740 1955 uff'le,
772 1861 801 1925 si
823 1861 898 1948 quis
918 1874 1028 1924 totum
1048 1864 1193 1945 regnum'
1263 1872 1266 1877 '

92 1973 282 2062 vegetabile
313 1973 379 2038 hoc
412 1972 516 2055 modo
545 1971 773 2062 comparative
808 1967 1011 2057 disquireret
1032 1963 1192 2055 quoniam

91 2080 250 2144 transitus
282 2081 522 2169 analogiasque
551 2081 701 2146 omnium
729 2079 876 2170 partium
897 2080 1099 2168 plantarum,
1121 2088 1193 2139 tum

96 2194 257 2252 externae
299 2212 376 2253 cum
414 2190 565 2254 internae
604 2212 720 2253 earum
753 2202 938 2255 structurae
975 2181 1195 2277 indagando,

95 2296 186 2362 haud
207 2295 310 2362 dubio
335 2311 425 2362 certa
448 2296 641 2385 aperiantur
655 2295 884 2375 fundamenta,
908 2293 1029 2383 quibus
1043 2305 1193 2381 systema

93 2421 235 2471 naturae
264 2405 439 2472 conforme
477 2404 539 2469 niti
575 2404 691 2494 possit
749 2403 928 2493 Siquidem
960 2400 1119 2468 transitus
1160 2414 1196 2465 et

94 2515 265 2604 analogias
298 2514 355 2580 hic
386 2520 517 2580 tantuin
549 2513 734 2584 delineatas
767 2514 976 2601 aliquantum
1011 2487 1195 2601 diligenter

96 2620 316 2703 conferamus,
339 2621 534 2690 observatio
559 2600 623 2687 nos
644 2621 762 2710 fugere
784 2644 854 2688 non
875 2634 995 2710 potest,
1029 2624 1195 2708 quamque·

97 2728 235 2808 seriem,
275 2755 341 2816 quo
374 2747 485 2798 teneat
517 2728 727 2819 superiorem
756 2728 962 2794 evolutionis
984 2731 1115 2810 locum,
1150 2750 1191 2794 eo

95 2840 207 2927 plures
220 2836 342 2902 offerre
357 2841 511 2906 transitus
521 2837 817 2927 evidentioresque
832 2839 1005 2927 analogias
1018 2861 1093 2902 cnm
1108 2862 1192 2926 per-

95 2944 294 3012 fectioribus
317 2950 504 3036 plantaru'm
524 2948 652 3014 somnis.
707 2944 815 3011 Simul
836 2960 964 3026 autem,
997 2946 1196 3012 affinitatem·

93 3059 288 3145 plantarum
304 3079 387 3121 mox
407 3054 498 3121 iuius
519 3056 603 3122 inox
624 3052 760 3120 alterins
783 3055 902 3143 organi
920 3054 1191 3122 conforrnatione

93 3180 225 3253 patere,
253 3163 558 3231 animadvertimus.
608 3165 707 3230 Inde'
725 3163 894 3251 sequitur,
922 3163 1061 3249 minime
1089 3181 1192 3231 natu·

94 3297 151 3336 rae
173 3270 361 3338 evolutioni
382 3274 637 3361 accomodatum
657 3272 742 3355 fieri,
764 3274 802 3355 si,
821 3272 920 3339 sicuti
933 3274 1096 3338 hactenus
1114 3272 1195 3338 sac-¹

94 3394 165 3444 tum
198 3394 256 3459 est,
277 3404 419 3470 regnum
438 3381 630 3471 vegetabile
651 3383 689 3446 in
710 3383 843 3462 classes,
866 3370 1003 3447 ordines
1029 3397 1090 3447 etc.
1103 3381 1188 3446 'dis-

93 3487 279 3562 rribnentes
308 3488 349 3553 in'
382 3487 504 3579 iisdem
539 3492 728 3581 plantarum
766 3491 902 3580 organis
933 3487 1131 3555 discrimina
1156 3507 1189 3556 et

93 3594 330 3661 similitudines
353 3600 562 3685 quaeramus,
592 3614 625 3664 et
646 3603 709 3664 hac
730 3599 861 3665 ratione
882 3623 1053 3689 nunqnam
1076 3614 1189 3689 syste-

95 3780 301 3797 w

163 3902 192 3960 ⁴⁶)
222 3903 303 3969 niul,
326 3900 520 3954 Grundlehren
538 3898 588 3955 der
606 3900 747 3956 Anatomis
761 3902 821 3957 und
838 3902 1010 3977 Physiologie
1029 3903 1080 3957 der
1095 3903 1187 3959 rusu-

93 4012 140 4048 zen
160 4014 186 4064 p.
205 3995 248 4047 65.

163 4092 207 4151 “)
225 4095 362 4164 [rudolphi
378 4090 519 4148 Anatomis
539 4092 588 4146 der
606 4091 734 4146 Ptlanzen
752 4110 778 4161 p.
799 4095 858 4149 193.
