2744 4718
686 315 801 434 ..24-

202 509 330 595 dineis,
365 518 426 583 sed
452 518 486 583 in
518 517 672 583 utriculis
702 518 1026 608 capsulaeiormibus
1050 543 1110 584 seu
1134 519 1294 586 vesiculis

200 618 338 689 inclusa.
424 682 428 689 .

685 823 708 900 t.
749 821 801 882 se.

279 947 469 1036 Analogias
494 949 663 1039 Algarum
691 973 768 1015 cum
795 949 936 1038 reliquis
959 930 1135 1021 elassibus
1148 953 1294 1043 perqui-

153 1052 160 1066 ’
197 1069 325 1135 rentes,
348 1054 385 1120 in
400 1056 465 1122 fitis
481 1058 665 1124 articulatis
686 1062 823 1124 cellulas
841 1061 1013 1148 elongatas
1032 1058 1190 1149 pilosque
1211 1087 1293 1151 per-

197 1160 378 1230 fectiorum
397 1168 586 1254 plantarum
597 1165 836 1255 praefiguratas
852 1167 1095 1258 conspicamur.
1139 1169 1292 1235 Filorum

197 1269 332 1336 articuli
357 1271 424 1360 ipsi
450 1272 587 1338 utriculi
616 1274 807 1339 matricales
835 1277 935 1356 fiunt,
969 1275 1091 1341 nisibi
1111 1280 1292 1368 separatim

86 1408 89 1414 ·
197 1401 270 1444 sese
292 1378 447 1463 offerunt,
477 1395 614 1470 tumque
635 1407 745 1448 massa
764 1388 938 1474 granulata
965 1384 1195 1476 sporidiorum
1212 1410 1292 1453 om-

195 1486 278 1553 nino
307 1488 445 1578 repleti..
488 1489 701 1574 Quibusdam
723 1491 760 1558 in
788 1496 1056 1583 Zygnemutibus
1084 1521 1116 1561 v.
1143 1477 1171 1560 c.
1195 1497 1290 1560 dcci-

195 1599 284 1662 miuo
313 1611 346 1663 st
366 1592 507 1686 quinino
523 1603 597 1689 Ag.
621 1602 758 1669 utriculi
770 1605 960 1670 matricales
983 1628 1153 1670 ramorum
1174 1602 1291 1684 iunio-

193 1729 270 1769 rum
293 1704 445 1794 spon’dia
469 1705 507 1771 in
533 1705 634 1795 spiris
659 1707 823 1796 disposita
845 1712 1037 1791 continent,
1060 1711 1147 1798 qnae
1169 1713 1290 1800 spirae,

194 1814 254 1878 ubi
285 1815 348 1878 sub
375 1815 466 1878 lente
497 1835 516 1876 a
539 1812 644 1877 latere
673 1805 866 1893 cernuntur,
895 1816 934 1878 in
955 1820 1166 1903 Zygncmate
1192 1819 1288 1880 deci-

150 1922 152 1927 ’
194 1927 283 1988 mino
304 1918 453 2010 speciem
481 1914 599 1982 literae
627 1919 671 1999 X,
690 1919 730 1983 in
745 1925 957 2009 Zygnemate
979 1924 1122 2006 quinino
1137 1924 1287 2010 speciem

193 2031 310 2096 literae
326 2027 378 2114 'V
398 2023 527 2116 pluries
550 2024 714 2113 repetitae
745 2024 900 2091 oflerunt.
949 2025 1184 2117 Dispositione
1213 2032 1288 2119 spi-

194 2139 258 2203 rali
281 2134 528 2227 primum'vasa
559 2131 695 2221 spiralia
716 2132 753 2198 in
774 2131 1035 2222 perfectioribus
1048 2137 1288 2226 pla-ntisprae-

195 2242 416 2335 ponderantia
433 2231 635 2309 indicantur.
665 2242 705 2307 ln
722 2243 959 2334 Hydroclictyo
975 2244 1125 2333 quinque
1142 2248 1200 2311 vel
1225 2270 1288 2310 sex

195 2352 327 2418 articuli
348 2351 474 2418 finibus
499 2375 572 2417 sese
605 2356 764 2441 jungunt,
795 2374 862 2438 qua
889 2354 1128 2432 conjunctione
1148 2355 1287 2441 regula-

192 2486 247 2527 res
270 2460 419 2527 formant
440 2474 499 2525 aut
517 2474 725 2550 pentagonas
750 2473 806 2524 aut
826 2460 1023 2548 hexagonas
1044 2460 1178 2548 figuras,
1200 2484 1284 2548 quae

194 2571 228 2636 in
247 2569 328 2634 retis
352 2568 464 2659 specie
485 2593 639 2634 annexae
665 2582 863 2634 contextum
887 2570 1081 2634 cellularem
1099 2571 1286 2658 plantarum

193 2679 377 2768 superioris
399 2676 612 2744 sonnationis
635 2676 873 2764 praefigurant.
918 2678 1179 2768 Hydrodictyou
1197 2681 1287 2744 utri-

165 2875 168 2879 .
193 2790 344 2854 culatum
368 2788 469 2853 Roth.
492 2787 604 2874 Algae
627 2783 802 2873 viviparae
827 2785 997 2873 singulare
1010 2789 1150 2879 praebet
1166 2810 1288 2851 exem-

193 2897 304 2984 plum5
328 2919 412 2960 nam
434 2895 471 2959 in
496 2893 618 2982 quovis
650 2891 786 2958 reticuli
820 2893 962 2959 articulo
985 2894 1162 2984 Embryon
1188 2894 1289 2958 matri

194 3002 303 3068 simile
330 3016 381 3068 est
406 3001 648 3090 imaginatum.
692 3000 785 3066 Haec
809 3003 978 3090 Embrya‚
1011 3017 1116 3067 matre
1149 3002 1287 3090 quidem

194 3111 363 3177 multoties
382 3110 537 3190 minora,
571 3123 604 3174 at
633 3107 747 3174 eidem
780 3109 862 3174 alias
887 3110 1086 3177 omnimodo
1107 3111 1287 3191 simillima,

194 3220 326 3308 filisque
347 3218 549 3285 reticulatim
582 3216 747 3283 connexis
775 3217 952 3298 instructa,
987 3243 1046 3284 ex·
1059 3217 1207 3284 articulis
1227 3242 1288 3284 ae-

195 3326 388 3395 tate²senili
411 3327 546 3408 solutis,
578 3341 738 3414 tanquam
764 3349 809 3390 ex
839 3325 1051 3410 matricibus,
1084 3351 1219 3417 egressa
1250 3327 1287 3391 in

195 3435 308 3501 matris
330 3438 492 3501 volumen
519 3433 692 3524 paullatim
713 3447 923 3500 excrescunt.

222 3589 223 3592 κ
275 3544 379 3632 Apud
402 3547 578 3632 Bongiae,
605 3545 645 3608 V
640 3543 824 3607 uucltniue
828 3589 841 3622 ,
859 3544 1113 3630 Scyrosipltonis
1129 3557 1191 3608 etc.
1207 3565 1289 3632 spe-

196 3652 265 3716 cies
287 3653 343 3716 fila
366 3675 436 3718 non
455 3651 598 3743 amplius
611 3665 773 3740 apparent
794 3651 977 3733 articulata,
995 3650 1109 3716 sedin
1128 3651 1289 3716 continua
1327 3642 1332 3646 ”

197 3773 451 3826 commutantur.
501 3757 586 3824 Inde
614 3757 775 3824 formatio
806 3757 967 3848 paulatim
1006 3760 1049 3824 ad
1079 3757 1290 3849 superiorem

196 3871 339 3955 gradum
366 3866 585 3957 progreditur
616 3881 649 3930 et
670 3864 821 3954 generali
845 3866 962 3933 habitu
984 3866 1173 3932 Lichenum
1202 3890 1291 3931 con-

196 3975 392 4045 formationi
420 3981 486 4054 jam
513 3974 746 4064 approximate
767 3974 969 4063 agnoscitur.
1012 3976 1052 4041 ln
1066 3977 1291 4067 Phycoidatis

198 4087 319 4152 crebro
342 4081 469 4150 fructus
497 4082 751 4171 conspiciuntur
783 4083 1082 4174 capsulael'ormes,
1120 4105 1192 4151 non
1211 4103 1290 4148 raro
