2744 4718
582 303 680 427 E
739 360 741 364 .

325 506 488 585 ORDO
528 509 611 584 Vll.
673 510 933 585 FILIGES.

571 698 594 778 t.
638 694 688 758 43.

165 827 427 917 Progrediamur
456 851 545 892 nunc
583 827 626 890 ad
651 823 754 890 alium
785 822 957 903 ordinem,
980 823 1056 911 qui,
1083 821 1177 911 quod

75 937 131 1028 ¹ad
150 950 324 1019 externam
351 951 385 1001 et
407 936 576 1013 internam
594 949 796 1001 structuram
816 935 942 1016 attinet,
964 957 1065 1024 supra
1082 937 1178 1002 ¹Aco-

84 1045 344 1136 tyledonearum
377 1031 514 1111 ordines
553 1027 664 1110 adhuc
710 1057 921 1134 comparatos
962 1041 1113 1108 ascendit
1147 1054 1180 1104 et

88 1152 252 1243 gradatim
286 1152 544 1243 perfectioribus
577 1158 822 1243 appropinquat
854 1152 994 1243 plantis3
1035 1164 1180 1215 attamen

89 1261 163 1327 aliis
186 1261 374 1328 rationibus
399 1262 444 1327 ad
460 1261 593 1355 priores
614 1260 745 1328 recedit
763 1275 796 1325 et
810 1263 866 1326 vel
883 1259 1019 1349 organis
1037 1258 1181 1349 quibus-

88 1369 165 1435 dam
199 1387 307 1450 caret‚
338 1394 426 1459 quae
448 1367 600 1451 ejusdem
622 1369 722 1450 hujus
746 1369 861 1436 classis
887 1368 1021 1434 infimae
1046 1371 1180 1456 plantae

86 1483 229 1567 analoga
270 1478 419 1544 offerunt
460 1477 501 1543 iis
536 1482 726 1568 plantarum
767 1477 980 1567 superiorum
1014 1476 1179 1542 classium.

88 1588 173 1652 lnde
198 1611 218 1650 a
240 1583 379 1664 formis,
400 1609 485 1672 quae
505 1585 639 1666 habitu,
660 1585 783 1651 fronde
802 1588 1037 1665 translucente,
1059 1607 1183 1674 recep-

90 1694 209 1760 taculis
239 1693 520 1761 thecaeformibus
554 1695 765 1782 capsularum
799 1709 833 1759 et
868 1717 926 1777 eo,
965 1692 1059 1782 quod
1088 1692 1182 1783 poris

91 1817 167 1871 sunt
186 1801 379 1882 destitutae,
407 1802 450 1865 ad
470 1801 604 1868 Musccs
630 1789 795 1869 accedunt
817 1807 867 1887 (v.
891 1825 919 1868 c.
946 1805 1184 1871 Trichomones

88 1926 122 1977 et
144 1911 466 2002 Hymeuophyllum)
498 1908 658 2000 deinceps
689 1909 989 1999 praefigurationes
1021 1909 1184 1977 foliorum

86 2017 352 2110 partitorumuac
375 2015 610 2106 pinnatorum,
642 2041 729 2105 quae
755 2017 793 2082 in
816 2017 938 2110 plantis
964 2017 1185 2109 perfectiori·
1215 2015 1221 2024 “

87 2129 152 2192 bus
173 2123 404 2216 reperiuntur,
434 2122 633 2206 ostendunt,
662 2149 769 2214 usque
790 2124 879 2207 intra
903 2128 1049 2195 circulos
1071 2127 1185 2219 tropi-

91 2258 151 2302 cos
178 2235 334 2299 arborum
369 2232 579 2302 altitudinem
614 2249 867 2322 consequuntur
886 2236 1081 2326 Palmisque
1100 2261 1185 2303 ana-

90 2346 190 2433 logae
210 2344 313 2424 fiunt,
338 2357 375 2408 ut
412 2346 526 2431 plures
553 2344 724 2434 Cyntheae
752 2345 883 2434 species
904 2359 937 2411 et
960 2346 1185 2434 Polypcdium

88 2467 268 2518 armatum.
302 2489 345 2504 -
376 2451 502 2518 Contra
532 2452 671 2518 omnino
701 2451 856 2542 vestigiis
885 2467 1000 2519 carent
1025 2477 1127 2519 sexus
1148 2477 1184 2519 se

91 2561 327 2650 disjungentis,
358 2542 546 2649 quaejam
571 2559 608 2625 in
641 2560 766 2627 Muscis
795 2562 1025 2651 reperiuntur,
1054 2586 1120 2650 qna
1147 2587 1184 2628 re

94 2693 172 2734 cum
197 2669 318 2734 infimis
342 2671 532 2758 plantarum
559 2667 678 2733 formis
708 2668 908 2751 cohaerent,
941 2671 990 2735 ita
1019 2671 1116 2736 utin
1142 2671 1184 2736 iis

93 2777 266 2843 transitum
307 2777 612 2844 animadvertamus
648 2773 850 2842 inferiorum
891 2778 935 2843 ad
968 2777 1184 2871 perfectioris

91 2901 277 2952 structurae
303 2890 443 2976 plantas.
493 2885 619 2950 Multae
652 2906 767 2948 earum
797 2883 897 2950 etiam
925 2885 1122 2976 parasiticae
1148 2886 1185 2951 in

90 2993 168 3059 aliis
197 2993 374 3065 arboribus
398 2993 589 3084 provenire
630 2996 758 3074 solent,
799 3018 865 3082 qua
896 2993 969 3084 ipsa
998 3019 1053 3076 re,
1085 2995 1186 3061 sicuti

90 3100 202 3169 Musei
216 3102 403 3192 parasitici,
432 3103 535 3167 series
556 3103 814 3193 praecedentes,
836 3100 930 3190 quod
950 3103 994 3168 ad
1015 3105 1082 3171 hoc
1103 3103 1185 3171 atti-

94 3227 166 3293 net,
197 3237 274 3279 cum
294 3211 543 3299 insequentium
570 3210 759 3303 parasiticis
784 3216 987 3301 conjungere
1012 3213 1182 3282 videntur.

585 3381 609 3460 a.
650 3378 701 3442 44.

175 3503 381 3594 Praecipuus
409 3501 552 3568 Filicum
583 3501 758 3570 character
785 3504 821 3570 in
850 3527 892 3571 eo
916 3504 1012 3585 inest,
1035 3503 1126 3592 quod
1148 3503 1186 3568 in

92 3613 198 3680 dorso
227 3613 361 3686 frondis
394 3635 454 3676 seu
488 3609 632 3701 propriis
656 3612 694 3677 in
729 3614 832 3705 spicis
864 3598 1031 3704 capsulas
1049 3625 1184 3699 gerunt,

92 3746 181 3813 quae
207 3735 262 3788 aut
287 3719 555 3787 transversaliter
568 3721 756 3803 dehiscunt,
779 3737 836 3787 aut
852 3721 948 3814 apice
960 3719 1184 3787 foraminibus

93 3853 168 3894 sese
193 3830 348 3920 aperiunt
366 3834 411 3917 ll).

94 3948 318 3960 ——-‹--—-

165 3992 195 4052 *J
213 3992 330 4046 Brevem
351 3993 424 4046 hanc
441 3991 626 4046 definitionem
645 3989 823 4047 sufficientem
844 4002 926 4065 puto,
944 4002 976 4046 ut
993 3989 1116 4045 omnium
1137 3989 1185 4043 ri-

94 4083 178 4158 'lcum
194 4086 337 4143 character
355 4088 476 4156 eluceat,
504 4089 526 4141 si
553 4090 637 4143 verbo
659 4091 771 4143 filicum
788 4105 844 4143 uon
862 4104 948 4160 porro
966 4105 1046 4143 sensu
1063 4087 1111 4141 illo
1130 4087 1184 4141 lato
