2744 4718
134 549 267 637 indidit.
332 549 476 616 Fructus
518 569 632 612 earum
667 544 805 613 nonnisi
839 544 1009 635 perfectus
1052 548 1234 636 conspicue

134 673 295 748 apparet,
321 657 358 722 iu
383 654 567 722 seminibus
594 668 705 720 autem
732 677 804 721 non
831 653 984 744 Embrya
1007 655 1155 744 plantum
1176 654 1235 720 su-

135 780 245 831 turam
270 781 347 831 aute
369 761 559 830 simulantia
579 761 710 844 insunt,
742 761 803 827 sed
825 765 965 851 granula
982 777 1112 828 tantum
1126 787 1236 828 massa

134 877 329 962 homogeua
351 872 466 938 farcta.
510 870 605 936 Haec
625 873 764 960 granula
783 873 842 936 vel
857 885 894 936 ut
913 871 1082 961 simplices
1097 872 1237 939 vesicu-

135 983 190 1047 lae
223 986 366 1068 (Sporae
389 1007 415 1048 s.
440 983 609 1069 Sporulae
648 1003 750 1045 sensu
779 979 967 1066 strictiore)
1000 995 1162 1071 apparent
1196 981 1234 1046 in

137 1090 283 1179 Fungis‚
305 1095 363 1158 vel
380 1088 582 1175 mucilagine
602 1087 819 1166 circumdata,
843 1111 953 1177 eoque
968 1090 1107 1180 impleta
1125 1092 1238 1176 (Goto-

135 1194 285 1292 gyli)1n
309 1197 425 1288 Argis,
452 1200 509 1264 vel
538 1195 575 1260 iu
598 1195 829 1272 vesicularum¹
850 1199 1054 1286 repletarum
1082 1199 1238 1264 cumula-

136 1308 228 1374 tione
262 1321 416 1375 constant
445 1306 681 1392 (Propaguta)
709 1303 745 1368 in
774 1301 1000 1388 Lichenibus,
1021 1309 1078 1374 vel
1097 1309 1236 1372 cellulas

137 1415 287 1504 denique
309 1414 505 1491 continent,
537 1414 613 1500 plus
638 1411 806 1495 minusve¹
824 1410 862 1476 in
894 1436 1015 1479 verum
1041 1429 1238 1482 contextum

68 1517 76 1530 ’
136 1527 340 1592 cellulosum
360 1544 435 1586 sese
451 1522 716 1608 conjungentes,
739 1521 798 1607 qui
817 1535 996 1587 contextus
1016 1520 1131 1587 tunica
1149 1521 1236 1589 adeo

137 1633 233 1698 tenui
252 1629 478 1696 circumdatus
500 1642 568 1709 est,
589 1643 627 1694 ut
650 1630 850 1719 plerumque
877 1632 1073 1695 cellularum
1091 1631 1236 1722 parietes

144 1738 336 1830 conspicari
358 1736 459 1803 liceat
478 1739 626 1823 (Speras
643 1760 744 1803 sensu
761 1736 883 1802 latiore
896 1773 939 1788 -
951 1739 987 1803 in'
1007 1739 1148 1824 Muscis,
1161 1740 1238 1808 He·
1309 1738 1313 1743 ⁶

136 1848 267 1940 paticis,
290 1843 452 1914 Filicibus
473 1857 534 1908 etc.
1223 1865 1225 1873 ·

637 2042 664 2120 s.
705 2039 736 2100 7.

221 2171 306 2237 Cum
331 2193 417 2239 vero
452 2170 610 2238 omnibus
637 2170 691 2235 his
719 2171 830 2261 sporis
858 2195 969 2260 neque
994 2173 1039 2238 sit
1066 2175 1235 2264 embryon

138 2278 284 2344 futuram
314 2283 462 2370 plantam
496 2265 731 2370 praefigurans
755 2304 819 2347 nec
842 2281 1107 2372 perispermum,
1140 2283 1235 2370 quod

136 2391 172 2452 in
193 2389 325 2477 plantis
357 2390 486 2480 primae
517 2387 710 2479 partitionis
740 2391 964 2480 cotyledones
987 2389 1126 2471 format,
1158 2413 1235 2456 cum

138 2496 400 2584 cotyledonibus
446 2497 548 2563 etiam
580 2495 769 2587 germinare
810 2523 881 2566 nou
914 2515 1065 2592 possunt.
1134 2497 1234 2565 Solae

138 2605 262 2670 Filices
285 2604 447 2671 videntur
473 2607 711 2698 excipiendae,
738 2634 825 2699 quae
851 2608 1076 2698 germinantes
1102 2631 1235 2694 expan-

112 2698 115 2703 ’
141 2711 272 2777 sionem
286 2711 491 2797 stondosam,
511 2697 863 2808 cotyledonilonnem,
881 2718 1054 2795 evolvunt,
1063 2714 1235 2780 interdum

140 2819 184 2886 ad
210 2821 361 2886 medium
380 2821 417 2888 in
437 2826 534 2891 lobos
555 2829 673 2916 planos
694 2825 847 2903 divisam,
870 2845 888 2887 e
913 2842 1058 2909 quorum
1075 2819 1151 2885 sinu
1169 2820 1235 2886 de-

135 2934 229 2994 mum
256 2933 407 3019 plantula
431 2931 613 3022 egrediiur.
657 2934 774 3012 Simile
796 2929 968 3020 quoddam
988 2932 1056 3010 jam
1075 2927 1112 2993 in
1132 2927 1233 2995 Fucis

138 3051 171 3102 et
202 3061 327 3127 genere
358 3038 496 3107 Ricciae
527 3042 709 3133 reperitur,
744 3064 847 3130 quare
879 3041 944 3105 hae
981 3040 1135 3129 plantae,
1173 3039 1233 3104 ubi

140 3144 419 3232 germinationem
444 3151 663 3240 respicimus,
694 3151 742 3216 ad
760 3148 1108 3240 Monocotyledoneas
1131 3170 1232 3212 acce-

142 3252 222 3316 dere
241 3255 410 3322 videntur.
454 3255 567 3341 Quum
591 3273 700 3323 autem
723 3258 825 3324 flores
841 3256 1009 3347 perfectos
1025 3278 1096 3322 non
1111 3253 1230 3335 ferant,

141 3383 327 3451 sporaeque
355 3389 471 3431 earum
493 3369 658 3458 embryon
682 3367 910 3457 praefigurans
931 3389 1001 3430 non
1020 3362 1230 3431 continentes

138 3493 219 3536 vera
243 3473 371 3538 semina
394 3496 465 3539 non
493 3473 576 3557 sint,
604 3475 640 3540 in
668 3489 849 3566 systemate
873 3471 1108 3539 distribuendo
1131 3467 1232 3536 Aco-

137 3580 330 3667 tyledoneis
357 3604 417 3646 seu
452 3580 688 3673 Cryptogamis
727 3606 783 3649 eas
827 3581 1045 3646 adnumerare
1084 3592 1228 3666 oportet.

139 3684 295 3755 Offeruut
329 3689 451 3778 igitur,
489 3689 518 3754 si
555 3692 695 3757 modum
742 3685 955 3780 germinandi
988 3683 1230 3774 respiciamus,

136 3792 476 3886 Acotyledonearum
499 3797 675 3864 transitum
696 3800 887 3889 generalem
906 3795 943 3859 in
968 3793 1230 3881 Cotyledoneas,

138 3901 320 3991 specialem
331 3927 415 3971 vero
424 3903 823 3997 iullonocotyledoneas.
855 3902 998 3969 Nonnisi
1008 3902 1136 3968 indicia
1147 3927 1208 3992 ger
1222 3944 1230 3952 -

136 4011 332 4079 minationis
353 4036 415 4102 per
435 4010 659 4103 cotyledones
677 4012 867 4078 ostendunt.
893 4009 1004 4094 Quum
1018 4009 1122 4100 igitur
1132 4011 1227 4078 fruc-

134 4119 320 4188 tificatione
338 4121 382 4188 ad
398 4119 579 4188 inferiores
586 4120 867 4212 Acotyledoneas
877 4118 1043 4204 recedant,
1056 4120 1229 4210 germina-
