2744 4718
703 299 797 414 ‘1⁸9-

193 498 390 588 proximant
412 498 445 565 et
476 497 527 564 illi
544 492 680 564 tandem
698 498 806 581 classi,
826 503 921 580 cujus
943 500 1171 566 characterem
1183 501 1293 592 magis

194 605 356 686 induunt,
384 607 655 672 adnumerantur.
688 607 770 685 „Sic
798 627 892 679 v.'c.
924 608 1118 698 Najttdibus
1150 610 1292 698 quidem

192 737 413 804 magnacum
433 738 556 803 genere
581 715 713 780 Chorus
735 700 896 796 affinitas,
919 715 979 782 sed
1004 717 1141 807 organis
1163 743 1293 786 sexua-

192 822 281 888 libus
304 824 487 912 conspicue
512 819 549 887 in
572 821 614 888 iis
639 822 814 905 disjunctis
843 841 955 892 tamen
977 827 1013 892 in
1031 829 1162 916 plantas
1186 842 1292 918 coty«

194 929 355 998 ledoneas
383 929 587 997 referuntur.

276 1038 436 1106 Centrum
459 1065 496 1106 se
521 1054 654 1130 semper
672 1040 709 1105 in
733 1039 817 1105 duas
836 1054 928 1106 certe
946 1042 1067 1122 series,
1088 1041 1290 1109 inferiorem

192 1160 225 1212 ct
244 1148 455 1238 superiorem
480 1147 627 1231 dirimit,
656 1173 798 1237 quarum
825 1152 930 1215 altera
956 1149 1000 1214 ad
1026 1151 1289 1231 antecedentem,

190 1255 296 1323 altera
326 1271 438 1323 autem
471 1258 515 1323 ad
552 1257 787 1346 insequentem
813 1259 954 1324 classem
980 1261 1120 1349 propius
1146 1258 1289 1326 accedit·

190 1361 254 1427 Illa
269 1361 375 1452 igitur
391 1362 587 1433 distributio
604 1365 821 1458 systematica
829 1355 969 1438 naturae
982 1366 1129 1433 maxime
1141 1390 1288 1457 respon-

191 1469 266 1553 det,
289 1497 356 1560 qua
383 1474 501 1556 classi,
524 1497 610 1567 quae
629 1473 852 1564 perfectiores
876 1474 975 1542 offert
990 1475 1133 1556 formas,
1157 1472 1194 1540 in
1212 1488 1286 1542 toto

190 1579 350 1669 superior
370 1579 470 1647 datur
494 1582 591 1648 locus
619 1606 721 1670 quam
744 1582 812 1664 illi,
838 1607 925 1672 quae
945 1581 1081 1648 adeam
1100 1581 1288 1674 perfectio-

190 1709 268 1752 nem
294 1689 552 1778 nonprocedit:
596 1689 778 1756 Confirmat
797 1692 866 1756 hoc
893 1690 1050 1779 inprimis
1073 1691 1290 1779 organismo-

191 1817 268 1859 rum
299 1795 442 1860 historia
471 1794 688 1860 evolutionis.
737 1794 962 1861 Perfectiores
993 1796 1082 1862 enim
1108 1798 1288 1874 cujuslibet

191 1899 308 1968 classis
330 1900 370 1966 in
392 1901 537 1968 diversis
548 1900 667 1968 aetatis
685 1903 865 1969 momentis
893 1925 1025 1991 semper
1045 1901 1210 1989 integram
1227 1901 1286 1967 in-

190 2007 356 2076 feriorum
396 2012 572 2100 cyclorum
609 2009 840 2076 evolutionem
867 2010 1004 2090 iterant,
1035 2033 1068 2076 v.
1098 2032 1129 2079 o.
1162 2032 1287 2099 sperae

189 2115 334 2184 Filicum
361 2117 569 2208 Goniomycis
596 2119 855 2212 (Enthophytis)
879 2119 1056 2208 analogae3
1087 2115 1196 2208 prima
1218 2143 1286 2184 ex-

188 2227 340 2316 planatio
373 2226 538 2294 frondosa
574 2241 685 2292 autem
715 2250 791 2292 cum
823 2227 1113 2315 Homullophyllis
1144 2240 1179 2293 et
1208 2231 1284 2293 He·-

186 2337 381 2422 paticarum
407 2333 630 2401 inferioribus
655 2333 773 2403 formis
807 2335 991 2416 consentit,
1032 2349 1138 2400 aetate
1165 2350 1284 2400 tener·
1311 2374 1315 2382 ·

187 2443 273 2508 rima
294 2467 314 2511 a
336 2442 537 2532 quibusdam
550 2445 818 2537 Lycopodiuceis
855 2464 926 2508 non
945 2443 1149 2522 abhorrent,
1172 2443 1283 2508 donec

188 2564 391 2617 structuram
428 2550 614 2642 perfectam
649 2552 789 2642 adeptae
824 2551 968 2619 formam
1001 2551 1160 2617 filicibus
1196 2574 1283 2640 pro-

188 2659 298 2750 priam
320 2659 487 2743 referunt,
515 2687 602 2750 quae
626 2660 738 2728 denuo
765 2659 963 2727 inferiorem
991 2662 1104 2725 locum
1130 2673 1222 2724 tenet
1248 2659 1284 2726 in

188 2771 383 2841 Palinurum
424 2767 567 2837 historia
608 2770 832 2851 evolutionis,
876 2791 1018 2857 quarum
1054 2766 1228 2834 cacumina
1263 2793 1281 2831 a

187 2875 333 2955 Filicum
358 2879 600 2945 herbacearum
634 2877 813 2946 frondibus
852 2875 1040 2967 aggregatis
1070 2875 1132 2943 vix
1154 2877 1281 2972 abhor-

187 2998 272 3050 rent.

673 3187 696 3266 t.
741 3155 793 3247 13ss

268 3312 431 3378 Attamen
458 3335 556 3395 cave,
579 3315 777 3395 concludas,
799 3312 880 3378 istas
903 3311 1050 3392 cujusvis
1076 3310 1178 3376 seriei
1199 3335 1280 3400 per-

187 3419 387 3488 fectissimas
403 3444 477 3486 esse
502 3419 646 3506 formas,
673 3447 758 3512 quae
784 3421 852 3486 illis
875 3420 977 3488 seriei
1000 3422 1184 3512 superioris
1204 3441 1280 3483 ma-

186 3527 280 3596 xime
300 3528 417 3608 afiiues
437 3527 627 3602 videantur.
669 3531 723 3617 De
750 3552 789 3595 ea
812 3527 992 3619 peregrina
1009 3510 1278 3595 affinitate'nulla

185 3637 317 3703 ratione
326 3637 566 3725 perfectiorem
580 3637 808 3705 conditionem
821 3637 1048 3728 argumentari
1061 3637 1150 3703 licet.
1187 3635 1279 3700 Haec

184 3765 257 3834 fpsa
280 3744 420 3810 affinitas
452 3749 558 3812 multo
580 3745 686 3836 magis
708 3745 972 3837 imperfectioris
995 3743 1202 3814 conditionis
1220 3769 1279 3808 ar-

183 3867 380 3939 gumentum
402 3869 468 3933 est;
493 3878 571 3919 nam
591 3853 721 3921 formae
741 3860 909 3944 ,cujusque
936 3855 1096 3921 sectionis
1120 3875 1163 3920 eo
1189 3878 1274 3942 per-

183 3953 346 4026 fectiores
372 3975 461 4039 sunt,
492 3984 561 4048 quo
593 3963 700 4050 magis
735 3965 777 4027 ab
807 3961 963 4029 omnibus
990 3961 1109 4028 alienis
1137 3960 1278 4042 distant,

185 4067 280 4157 quod
308 4083 379 4134 tum
404 4069 586 4159 praecipue
611 4085 718 4163 patet,
751 4094 826 4137 cum
855 4096 887 4138 v.
911 4095 939 4138 c.
967 4094 1109 4160 regnum
1135 4071 1280 4136 animale
