2744 4718
570 324 676 445 ..43-

74 554 151 597 rum
175 527 417 619 perfectiorum
442 527 572 610 ditm,
593 545 628 594 et
646 531 712 593 hac
736 552 774 593 re
791 526 934 617 perinde
947 541 1045 615 atque
1061 525 1173 592 forma

77 657 112 709 et
137 640 323 706 substantia
348 639 394 704 ad
416 637 574 704 frondem
604 639 799 728 depressam
819 634 1059 726 Hepaticarum
1077 632 1173 699 inle-

75 753 207 817 riorum
234 749 377 816 accedit.

564 918 588 997 t.
630 912 683 976 ro.

163 1049 203 1114 Iu
228 1047 392 1116 Filioibus
421 1045 659 1135 comparandis
684 1045 834 1135 partium
860 1042 1091 1110 evolutionem
1116 1064 1176 1105 se-

82 1157 260 1247 quentibus
280 1156 390 1248 prima
407 1156 512 1222 radix
531 1173 583 1223 est
600 1154 714 1236 obvia,
736 1177 823 1243 quae
841 1152 996 1218 rhizoma
1008 1172 1081 1216 non
1095 1171 1174 1215 raro

83 1267 215 1333 firmum
229 1265 312 1354 quin
324 1265 427 1333 etiam
438 1267 648 1346 tuberosum,
672 1278 860 1329 structurae
875 1263 1057 1327 cellulosae
1071 1281 1176 1348 prae-

83 1377 138 1440 bet
170 1373 332 1467 (proprie
366 1377 497 1440 caulem
526 1372 687 1454 enodem,
724 1371 900 1438 caudicem
936 1366 1177 1434 intermedium

80 1485 378 1576 praefigurantem)
405 1485 458 1568 *),
480 1507 498 1548 e
527 1505 596 1572 quo
621 1481 794 1548 radiculae
820 1479 997 1570 capillares
1017 1501 1078 1542 seu
1099 1489 1178 1539 tan-

82 1617 185 1680 quam
205 1588 352 1655 funiculi
371 1587 591 1656 fasciculatim
611 1590 843 1682 egrediuntur.
878 1587 979 1669 Cujus
999 1588 1177 1652 rhizoma-

84 1700 128 1766 tis
148 1702 351 1790 plerumque
372 1700 511 1788 obliqua
530 1704 587 1767 vel
607 1698 829 1766 horizontalis
851 1713 902 1765 est
922 1696 1086 1778 directio,
1117 1718 1178 1760 ra-

84 1808 218 1875 rissime
240 1806 538 1898 perpendicularis,
561 1835 628 1898 qua
648 1835 687 1876 re
707 1809 808 1876 sicuti
827 1809 938 1898 figura
957 1804 1090 1896 saepius
1112 1825 1178 1871 co-

81 1913 422 1982 ralloideo-dentata
436 1916 610 1984 radicibus
632 1919 842 2006 quarundam
861 1920 1054 2009 plantarum
1073 1937 1178 2004 supe·

80 2022 209 2090 riorem
237 2025 353 2090 locum
378 2026 566 2092 tenentium
594 2033 647 2112 (v.
669 2053 698 2094 c.
724 2030 943 2110 Lathraeae,
969 2027 1178 2105 Dentariac,

91 2133 259 2224 cymbtdtt
283 2133 553 2223 Corallorltizoe)
568 2139 758 2227 analogum,
771 2152 804 2203 et
813 2136 1044 2203 radicutarmn
1060 2147 1180 2200 extre-

86 2241 219 2307 mitates
244 2244 395 2332 calyptra
420 2244 605 2333 spongiosa
627 2247 830 2327 instructae,
852 2245 946 2334 quod
966 2245 1004 2310 in
1025 2247 1179 2324 Lemnis,

87 2353 292 2432 Gramineis,
320 2353 449 2417 Palmis
470 2367 531 2416 etc.
562 2353 782 2443 conspicitur.
833 2352 1013 2419 Nonnullis
1033 2350 1071 2417 in
1090 2350 1180 2418 Fili-

82 2459 179 2526 cibus
210 2485 243 2527 v.
267 2483 295 2524 c.
317 2459 354 2526 in
380 2462 569 2552 Polypodio
600 2477 758 2549 reptante
784 2461 853 2530 Sw.
877 2461 979 2529 etiam
1000 2487 1024 2537 ,e
1047 2460 1178 2550 stipite,

83 2567 200 2647 ramis,
228 2566 298 2633 imo
326 2569 426 2633 etiam
455 2574 504 2656 (v.
533 2595 561 2636 c.
594 2571 632 2635 in
657 2573 827 2657 Asplcm'o
861 2573 1080 2664 rhizopbyllo
1100 2570 1176 2637 Lin.

87 2691 121 2743 et
140 2678 288 2764 Aspidio
306 2679 523 2770 rhizopbyllo
545 2680 631 2764 Sw.)
652 2702 698 2744 ex
710 2678 874 2746 foliorum
895 2679 992 2771 apice
1004 2680 1177 2746 radiculae

87 2802 269 2868 ecrescunt,
284 2786 377 2875 quod
389 2787 432 2851 de
442 2786 683 2876 perfectiorum
692 2790 882 2876 plantarum
896 2790 991 2852 caule
1004 2788 1178 2854 radicante

83 2896 356 2980 commonefacit,
380 2897 465 2963 aliae
487 2901 534 2984 (v.
555 2920 584 2961 c.
606 2897 811 2984 Asplem'um
829 2896 1033 2982 bulbijerum
1056 2899 1178 2987 Forst.)

81 3004 223 3096 propria
244 3008 364 3073 tubera
386 3023 499 3097 agunt,
520 3007 643 3095 quibus
673 3029 709 3071 se
737 3002 963 3095 multiplicant
989 3028 1028 3070 ac
1050 3029 1179 3097 propa-

85 3129 165 3202 gant
186 3130 219 3181 et
244 3140 284 3181 ea
303 3139 341 3181 re
372 3139 508 3204 quoque
537 3115 660 3205 plantis
690 3111 951 3204 phanerogamis
982 3114 1177 3184 tuberiferis

87 3227 248 3315 analogae
270 3238 356 3290 sunt.
924 3218 931 3232 ⁸

571 3380 595 3460 t.
637 3378 689 3441 47.

167 3509 206 3573 ln
218 3509 363 3595 Filicum
376 3510 488 3601 stipite
502 3511 631 3600 primus
646 3524 824 3577 contextus
835 3509 1014 3576 cellulosus
1025 3513 1177 3601 pluribus

82 3639 204 3682 vasum
240 3617 410 3685 fasciculis
449 3618 604 3706 (vasibus
640 3620 817 3709 spiralibus
851 3617 889 3683 in
919 3643 1000 3686 vasa
1037 3620 1178 3686 scalaria

81 3729 355 3814 transeuntibus)
376 3726 530 3794 utriculis
551 3727 796 3794 adducentibus
816 3727 1020 3794 intermixtis
1044 3729 1178 3818 reperi-

82 3849 151 3900 tur.
195 3835 290 3919 Quae
311 3859 390 3902 vasa
412 3836 510 3900 sicuti
532 3836 567 3900 in
576 3836 699 3903 Palmis
720 3850 822 3901 strata
835 3840 1049 3904 concentrica
1066 3840 1177 3904 adhuc

84 3944 342 4026 conformant,
375 3944 457 4011 licet
491 3960 584 4011 certo
603 3946 751 4034 quodam
777 3943 898 4011 ordine
918 3945 1080 4036 disposita
1101 3947 1177 4029 sint,

155 4111 185 4170 'J
202 4107 259 4164 Csr.
280 4114 348 4167 Nece
365 4131 389 4167 v.
408 4113 537 4166 Esenbeet
555 4110 660 4166 llandb:
679 4109 728 4164 der
744 4107 868 4163 Botanilt.
888 4109 938 4164 ut.
959 4114 982 4164 1.
1001 4133 1028 4187 p.
1044 4113 1105 4175 24³.
1119 4131 1176 4187 sqq.
