2744 4718
568 335 664 458 ᾗ

62 546 145 626 sint,
181 569 238 611 ex·
228 546 313 611 ·hac
343 542 502 633 analogia·
520 541 695 632 sequitur,
733 563 774 607 ea
802 556 836 607 et
862 540 899 606 in
925 540 1161 612 Anthccercte

62 657 181 722 similis
207 676 283 720 csse
314 653 483 734 indolis,
498 668 689 740 quanquam
723 671 843 717 eorum
881 651 1161 738 germinationem

62 767 175 832 adhuc
197 786 270 830 non
292 761 449 829 ¹vidimus.
540 780 544 797 ¹
595 767 600 795 ³

151 872 391 939 Morabantiae
402 871 435 955 i⁸)
455 882 534 935 stmt
546 870 684 961 plantae
707 866 831 933 fronde
845 868 969 952 lobata,
991 871 1163 952 cellulosa‚

62 980 191 1061 viridi,
223 977 312 1045 infra
339 976 546 1044 membranis
578 973 711 1068 plicatis
742 974 910 1059 obducta,
944 981 1001 1042 in
1012 978 1164 1068 margine

63 1092 202 1158 lobulos
229 1087 378 1170 juniores
408 1072 654 1176 et³³²praeterea
685 1084 723 1150 in
749 1082 875 1166 medio,
909 1086 1010 1151 sicuti
1022 1085 1164 1154 Antho-

68 1221 180 1279 cercs‚
208 1199 357 1290 scyphos
380 1177 554 1272 dentatos,
589 1191 802 1259 continentes
835 1197 1036 1285 corpuscula
1059 1197 1166 1261 lenti·-

65 1307 210 1389 cularia,
234 1303 446 1396 proferente,
476 1325 495 1366 e
523 1298 645 1388 quibus
668 1301 877 1392 corpusculis
905 1301 1031 1369 deinde
1053 1324 1165 1369 novae

62 1429 265 1482 enascuntur
287 1416 436 1503 plantae.
486 1407 603 1477 In·¹iis
622 1407 744 1497 prima
773 1407 968 1476 indicantur
997 1431 1098 1474 sexus
1128 1434 1166 1475 se

62 1523 256 1590 dirimentis
288 1516 486 1605 vestigiat'
481 1515 676 1587 'ascendunt
704 1516 795 1582 enim
826 1542 845 1583 e
880 1516 1009 1584 froude
1035 1520 1166 1582 scutula

65 1631 290 1721 pedicellate
313 1636 461 1712 'quorum
479 1627 582 1690 altera
602 1623 820 1691 orbicularia
828 1640 863 1690 et
883 1628 1021 1692 obtuse
1032 1636 1168 1693 crenata

67 1741 127 1806 vel
142 1739 318 1805 sublob'eta
332 1734 423 1802 intus
436 1723 611 1802 continent
624 1736 774 1821 granula·
777 1733 983 1823 piiifcrmia,
1005 1756 1092 1824 quae
1109 1746 1168 1800 aut

64 1846 258 1938 pmpaguts
289 1858 367 1911 sunt
419 1856 476 1908 aut
515 1839 765 1907 incrementum
804 1841 940 1910 fructus
990 1845 1169 1925 adjuvant3

65 1960 171 2022 altera
212 1953 475 2045 receptaculum·
499 1949 676 2036 peltatum,
721 1957 814 2017 varie
856 1951 1057 2034 formatum,
1089 1957 1170 2043 ple*

65 2086 209 2152 rumque
232 2079 347 2128 tamen
368 2055 630 2135 subrotundum,
660 2055 827 2125 radiatum
850 2062 1013 2142 efficiunt,
1041 2061 1178 2151 inquo

69 2171 160 2237 infra
184 2169 336 2235 insident
356 2164 490 2234 utriculi
512 2163 667 2252 margine
684 2167 799 2248 laceri,
822 2169 882 2256 qui
903 2172 1055 2260 capsulas
1071 2186 1172 2236 tene*

71 2304 143 2358 ras,
164 2277 317 2346 breviter
343 2275 579 2366 pedicellatam
594 2306 597 2311 ·
610 2273 879 2364 calyciiormes,·
895 2278 1060 2345 fructibus
1077 2280 1173 2346 Jun-

70 2383 344 2475 germanniarum
360 2380 453 2445 haud
476 2378 658 2463 insinues,
672 2382 838 2450 ‘dentibus
865 2388 1042 2472 revolutisj
1053 2391 1170 2456 conti-

68 2509 159 2560 nent.
212 2491 289 2558 lstis
323 2490 359 2556 in
385 2487 540 2579 capsulis*
552 2492 692 2579 granula
721 2484 968 2564 seminiformia
996 2504 1169 2589 (spaerae),

69 2601 136 2666 filis
152 2600 333 2690 spiralibus
355 2596 563 2678 intermixta,
584 2597 805 2666 includuntur
823 2619 855 2668 et
871 2607 1035 2694 pedicelli
1050 2611 1172 2696 (setae)

73 2733 188 2773 earum
220 2706 257 2774 in
279 2709 352 2773 basi
377 2707 537 2796 vaginula
569 2704 727 2770 laciniata
752 2709 857 2774 cincti
886 2730 980 2796 sunt,
1011 2717 1104 2803 quod
1133 2702 1187 2783 et*

71 2819 107 2909 in
134 2817 373 2908 Hepaticarum
395 2814 638 2906 perfectiorum
658 2828 691 2879 et
711 2814 747 2879 in
764 2814 960 2886 Muscorum
984 2823 1063 2887 setis
1080 2846 1168 2890 con-

67 2925 202 3019 spicere
226 2926 315 2992 licet.
359 2925 406 2992 Ut
430 2925 515 2988 haec
538 2920 642 3011 igitur
663 2922 890 3020 fructificandi
910 2932 998 2995 ratio
1020 2931 1063 2996 de
1085 2957 1167 3023 per-

68 3031 270 3100 fectioribus
289 3030 550 3100 commonefacit
572 3031 712 3121 plantis,
733 3033 782 3098 ita
803 3050 944 3102 externa
960 3061 1169 3129 organorum

69 3144 314 3220 masculorum,
337 3160 422 3227 quos
437 3138 566 3218 dicunt,
587 3156 756 3208 structura
782 3141 1081 3238 Gasteromycetos
1101 3150 1168 3216 sti·-

72 3246 210 3336 pitatos‚
233 3250 445 3314 scutulorum
466 3264 578 3317 autem
601 3248 826 3318 femineorum
856 3254 991 3344 Fungos
1021 3258 1167 3348 pileatos

71 3355 219 3422 radiatos
232 3355 373 3445 repetit;
395 3379 482 3443 quae
498 3361 629 3423 scutula
643 3359 866 3449 receptaculis
882 3385 1019 3451 quoquc
1032 3367 1165 3455 peltatis

66 3464 310 3553 Equisetorum
332 3468 475 3552 analoga
496 3479 573 3530 sunt
587 3469 651 3549 iffi).

559 3579 581 3659 §-
624 3578 675 3641 36.

151 3679 405 3774 Inspiciendum
445 3704 535 3748 nunc
577 3708 795 3752 numerosum
828 3684 1166 3779 iungermanniarum

66 3814 195 3880 genus,
217 3815 360 3880 quarum
384 3788 514 3894 formae
536 3793 579 3858 ab
600 3790 839 3883 explanatione
859 3793 1040 3880 frondosa,
1065 3799 1167 3869 leba*

71 3909 283 3924 Ψ

137 3956 168 4016 “)
192 3957 280 4006 Sturm
296 3954 315 4008 l.
334 3968 360 4011 Ὀ.

139 4051 184 4109 “)
213 4048 270 4103 cte.
299 4049 563 4103 Mtrbell.c.'1'ob.
583 4050 626 4103 53.
657 4080 691 4090 -
712 4054 803 4106 Weber
820 4061 848 4104 et
865 4049 984 4107 Moloni
1013 4071 1039 4112 c.
1056 4059 1124 4115 Ttb.
1143 4061 1162 4115 i.

66 4144 126 4215 rig.
147 4145 173 4197 5.
193 4154 221 4198 et
238 4145 305 4201 Τὼ.
326 4144 385 4198 Xll.
404 4142 463 4216 Fig.
484 4147 561 4203 1-3.
916 4218 940 4290 3
