2744 4718
629 330 734 449 n..

136 554 201 623 que
223 533 290 597 huc
313 530 619 614 consideravimus,
642 545 788 596 attamen
806 532 873 596 alia
895 529 1027 598 ratione
1047 536 1090 602 ad
1104 535 1232 606 formas

134 638 316 706 inleriores
332 642 505 705 recedunt.

217 749 257 813 ln
279 752 374 814 caule
394 748 690 838 Equisetacearum
715 749 931 844 conspicuqm
950 751 1107 819 videmus
1127 757 1232 822 culmi

136 857 394 929 Graminearum
414 857 749 947 praefigurationem
770 863 838 939 jam
854 879 912 938 eo,
938 862 1031 945 quod
1047 860 1231 930 instructus

137 981 187 1031 est
208 966 354 1046 vasibus,
377 967 502 1056 quippe
520 990 604 1055 quae
620 967 793 1046 annulata,
811 963 953 1054 perinde
974 982 1073 1057 atque
1089 973 1232 1063 epider—

134 1076 226 1140 mide
245 1089 337 1140 arcte
356 1077 479 1140 adnata
498 1089 530 1140 et
552 1071 647 1164 poris
667 1073 851 1153 instructa,
889 1076 932 1138 ad
958 1100 1014 1142 eas
1041 1080 1231 1170 appropin-

136 1199 231 1271 quat,
255 1180 506 1249 articulationes
531 1185 602 1262 ejus
628 1178 886 1246 Graminearum
911 1183 1043 1264 nodos,
1078 1189 1230 1257 conditio

135 1294 293 1376 tubulosa
319 1294 466 1359 culmum
486 1290 692 1375 fistulosum,
715 1289 857 1378 vaginae
878 1293 1082 1382 regulariter
1106 1294 1231 1362 denta-

134 1415 187 1466 tae
219 1399 383 1467 foliorum
409 1397 548 1487 vaginas
572 1397 764 1489 indigitant.
817 1398 928 1488 Ipsius
960 1399 1230 1473 fructificationis

135 1512 245 1599 partes
261 1507 296 1574 in
309 1508 438 1599 spicam
456 1505 710 1586 verticillatam,
738 1505 996 1576 Graminearum
1015 1512 1128 1603 spicae
1146 1536 1229 1578 ana-

134 1623 262 1708 logam,
295 1622 554 1704 conjunguntur.
598 1614 666 1682 Sed
688 1618 772 1682 haec
795 1617 868 1707 ipsa
883 1617 1153 1687 fructificationis
1168 1644 1230 1688 or-

135 1753 220 1819 gana
236 1751 291 1791 eas
309 1750 328 1790 a
345 1724 535 1791 Gramineis
553 1739 746 1803 removent3
769 1730 984 1814 receptacula
1002 1731 1127 1815 peltata
1149 1753 1231 1795 car-

135 1859 219 1903 nosa
233 1837 276 1899 de
298 1834 486 1924 apotheciis
503 1831 676 1898 scutulatis
697 1829 886 1895 Licbenum
901 1833 1228 1916 commonefaciunt,

135 1944 277 2038 pistilla,
301 1943 464 2033 stigmatis
477 1940 671 2006 rudimento
686 1936 850 2008 instructa
864 1950 898 1998 et
913 1949 1059 2022 quatuor
1071 1956 1227 2027 parasta-

134 2054 280 2120 minibus
294 2053 330 2118 in
346 2049 418 2116 basi
432 2047 652 2127 circumdata,
668 2042 860 2133 analogiam
877 2042 1024 2108 offerunt
1037 2068 1114 2111 cnm
1127 2048 1227 2113 Mus-

137 2189 254 2232 corum
270 2161 356 2229 flore
370 2155 570 2249 imperfecto
586 2156 629 2240 ⁹⁶⁶),
649 2167 682 2218 et
694 2167 834 2217 naturae
847 2151 1123 2242 hygrometricae
1137 2155 1226 2220 isto-

135 2299 211 2340 rum
221 2275 356 2340 filorum
371 2263 631 2332 staminoidenm
645 2259 862 2327 clasticorum
881 2261 918 2326 in
938 2259 1010 2325 basi
1030 2259 1150 2349 pistilli
1167 2287 1228 2327 ra-

137 2384 230 2450 tione
246 2376 369 2455 habita,
382 2374 464 2463 quin
476 2370 692 2460 conspicuam
705 2369 895 2436 invenimus
907 2367 1097 2458 analogiam
1107 2392 1224 2437 eorum

139 2519 215 2561 cum
235 2484 424 2555 Elateribus
441 2479 478 2544 in
496 2479 738 2566 Hepaticarnm
756 2478 910 2569 capsulis.
952 2478 1075 2544 Modus
1093 2480 1219 2568 germi-

137 2569 241 2667 nandi
268 2596 377 2661 adhuc
401 2610 484 2655 non·
497 2589 576 2653 satis
602 2600 748 2666 constat,
788 2607 892 2674 quare
918 2587 989 2664 ejus
1016 2588 1222 2677 comparatio

138 2708 267 2779 admitti
289 2700 415 2790 nequit.
467 2697 634 2787 Equidem
654 2695 874 2775 crediderim,
904 2693 957 2758 his
976 2693 1040 2758 filis
1065 2695 1227 2786 sporidiis

139 2813 343 2909 conspersis,
376 2806 476 2874 sicuti
508 2808 702 2872 Muscorum
727 2803 937 2894 parentheris
976 2817 1009 2868 et
1040 2804 1229 2873 Clrararum

136 2929 202 2996 filis
217 2921 399 2990 articulatis
417 2922 456 2998 (s.
480 2912 673 3006 spiralibus)
699 2912 734 2978 in
759 2913 907 3001 globulis
935 2912 1090 2991 inclusis,
1114 2912 1230 2981 inesse
1241 2954 1266 3013 ὁ

138 3030 347 3128 germinandi
363 3042 461 3116 atque
479 3029 513 3090 in
533 3047 639 3099 novae
657 3026 786 3112 plantas
809 3021 1004 3087 ecrescendi
1021 3021 1228 3091 facultatem.

553 3228 555 3231 ’
628 3207 657 3293 §s
683 3215 732 3276 55.

219 3356 359 3422 Formas
375 3344 605 3437 Equisetaceis
623 3347 779 3434 analogas
805 3342 864 3408 ubi
878 3343 1047 3431 exquires,
1066 3345 1102 3410 in
1118 3346 1229 3412 serie-

136 3471 198 3533 bus
217 3481 250 3531 et
276 3458 483 3551 imperfectis
511 3470 544 3519 et
566 3451 724 3543 perfectis
745 3450 909 3542 reperies,
940 3467 973 3517 et
994 3477 1049 3517 eas
1079 3454 1222 3541 quidem,

137 3601 222 3665 quae
240 3571 387 3639 maxime
400 3549 621 3654 respondent,
644 3560 789 3626 offerunt
818 3563 951 3626 ctat-ae
974 3563 1103 3651 species
1131 3566 1226 3629 caule

138 3685 300 3759 fistuloso,
322 3666 517 3753 articulate,
540 3671 672 3760 saepius
691 3673 819 3734 sulcato
836 3686 869 3734 et
882 3669 983 3734 ramis
1004 3670 1229 3736 verticillatis.

136 3791 232 3861 Inter
245 3786 464 3881 perfectiores
479 3779 730 3848 evidentissime
742 3779 911 3867 Equisetis
924 3779 1131 3867 respondent
1147 3803 1231 3869 spe-

137 3948 321 3971 ..uu-*⁶¹⁸⁸*

209 4045 236 4104 ·)
256 4035 359 4093 arant
379 4035 396 4087 t.
416 4053 440 4088 c.
455 4032 522 4088 Tau.
538 4031 581 4085 ot.
597 4028 655 4100 sig.
673 4030 689 4080 s
709 4031 746 4097 t,
770 4031 832 4120 Bf'*
853 4029 883 4082 e.
922 4032 994 4083 aas.
1019 4043 1043 4079 a
1064 4033 1147 4082 Matr
1171 4030 1189 4081 ι.
1206 4047 1230 4081 c.

139 4139 206 4193 Tnb.
221 4135 240 4190 l.
257 4135 317 4206 rig.
337 4133 429 4183 5-7,
