2744 4718
282 623 433 712 Repente
455 648 535 692 vero
558 625 688 693 formae
709 627 943 718 reperiuntur,
965 651 1107 717 quarum
1129 642 1298 694 structura

202 731 244 796 ab
269 730 503 814 interioribus,
533 734 696 822 aquibus
723 738 828 804 series
851 738 1042 827 inceperat,
1068 759 1209 827 prorsus
1232 740 1297 803 ab·

200 840 348 921 horreat,
372 843 591 929 quamobrem
607 861 762 913 accurate
780 871 836 913 eas
855 847 1048 912 terminatas
1066 868 1136 912 non
1156 845 1297 912 deside-

200 971 276 1013 rare
299 971 369 1014 non
390 972 576 1035 possumus.
620 953 722 1035 Nam,
747 970 784 1021 ut
805 978 923 1022 omnes
933 956 1060 1021 formas
1075 977 1144 1020 uno
1155 955 1193 1018 in
1208 975 1296 1021 con-

201 1069 319 1144 spectu
351 1055 552 1132 videamus,
595 1060 854 1152 distinguendae
891 1079 969 1130 sunt
1006 1078 1039 1130 et
1077 1066 1294 1153 separandae.

199 1164 289 1230 Huic
301 1179 413 1230 autem
429 1167 634 1250 limitationi,
646 1185 683 1236 ut
700 1171 748 1236 ita
769 1170 894 1252 dicam,
913 1173 1156 1260 geometricae,
1173 1175 1296 1238 crebro

200 1271 330 1341 formae
352 1274 474 1342 obviae
497 1291 588 1358 sunt,
618 1302 706 1367 quae
722 1279 920 1369 regionibus
941 1296 975 1346 et
990 1278 1144 1346 terminis
1165 1280 1296 1345 consti-

200 1383 279 1448 tutis
306 1383 446 1450 omnino
472 1387 723 1454 accommodari
745 1390 980 1479 nonpossint,
1005 1414 1109 1478 quum
1124 1387 1241 1453 indole
1262 1403 1296 1452 et

201 1508 367 1560 structura
394 1497 469 1559 tam'
493 1518 570 1561 cum
596 1495 650 1561 his
674 1522 774 1586 quam
803 1497 872 1562 illis
902 1497 1182 1579 formationibus,
1211 1520 1294 1584 quas

200 1601 396 1691 regionibus
415 1603 560 1670 diversis
578 1603 922 1696 circumscripsimus,
945 1609 1156 1674 cohaereant.
1199 1603 1295 1689 Quae

199 1709 329 1777 formae
347 1712 525 1777 terminato
542 1711 694 1776 difficiles
709 1726 741 1775 et
755 1711 848 1799 ipsae
861 1714 1034 1801 propriam
1047 1714 1177 1793 seriem,
1195 1738 1297 1801 quam

200 1835 354 1885 accurate
367 1820 546 1883 terminare
553 1840 623 1883 non
636 1817 726 1897 licet,
740 1816 928 1896 oflerentes,
943 1824 1107 1883 transitus
1115 1823 1296 1883 nominan-

199 1944 263 1994 tur.
307 1928 384 1994 Non
401 1928 590 2016 inepteeos
615 1924 825 2014 comparabis
844 1947 921 1988 cum
933 1922 1043 2005 fossis,
1064 1923 1130 1991 viis
1146 1948 1204 1989 seu
1220 1925 1294 2011 aliis

199 2033 431 2103 terminalibus
463 2032 661 2114 intervallis,
686 2031 808 2121 quibus
839 2032 911 2120 agri
940 2046 974 2098 et
1001 2047 1098 2123 prata
1121 2032 1296 2115 cujusdam

199 2143 362 2210 territorii
379 2140 573 2208 limitantur.
618 2140 703 2208 Cum
727 2163 811 2207 vero
830 2141 1020 2231 systematis
1036 2139 1191 2207 ordinem
1209 2165 1297 2208 con-

200 2253 373 2319 stituentes
389 2249 585 2331 hujusmodi
599 2250 784 2316 intervallis
801 2273 986 2331 careamus,
999 2253 1198 2340 plerumque
1211 2250 1297 2318 nihil

200 2376 361 2454 superest,
381 2360 448 2427 nisi
470 2375 508 2426 ut
527 2381 626 2449 agros
640 2361 698 2426 vel
712 2358 869 2448 regiones
886 2358 1000 2423 stricte
1016 2357 1105 2422 inter
1116 2383 1151 2423 se
1167 2362 1295 2424 cohae—

199 2495 275 2538 rere
297 2469 461 2550 sinamus,
489 2468 536 2534 ita
565 2481 602 2531 ut
622 2466 837 2533 intervallum
858 2467 979 2555 partim
1004 2465 1056 2530 his
1079 2467 1200 2557 partim
1227 2466 1293 2531 illis

200 2573 322 2645 finibus
345 2576 570 2656 adscribatur3
593 2577 727 2662 qualem
749 2574 965 2641 metationem
989 2597 1059 2639 non
1084 2597 1161 2640 raro
1178 2574 1295 2663 publi-

202 2712 261 2755 cae
276 2687 452 2752 fluminum
465 2684 717 2751 distributiones
729 2683 883 2763 offerunt,
905 2682 1027 2770 quibus
1037 2685 1179 2748 alterum
1192 2683 1297 2748 dimi·-

202 2798 295 2863 dium
314 2795 462 2862 fluminis
480 2793 572 2874 huic,
594 2797 735 2859 alterum
752 2813 836 2858 vero
847 2790 896 2855 illi
914 2789 1041 2856 civitati
1060 2791 1228 2872 tribuitur,
1249 2791 1296 2856 ita

202 2921 239 2972 ut
260 2905 418 2971 transitus
441 2928 517 2971 cum
537 2902 732 2968 fluminibus
750 2899 888 2991 proprie
904 2896 1105 2978 individuis,
1128 2914 1296 2989 systema-

203 3015 245 3080 tis
275 3012 460 3079 divisiones
492 3027 602 3078 autem
640 3035 717 3088 cum
746 3007 882 3100 publica
914 3007 1031 3072 finium
1060 3008 1295 3075 terminatione

205 3119 353 3188 conferri
374 3119 511 3210 possint.

701 3291 725 3369 t.
768 3289 798 3352 s.

287 3422 413 3488 Natura
424 3422 461 3488 in
474 3421 652 3491 formando
669 3442 739 3486 non
761 3419 805 3482 ad
823 3417 1009 3508 simplicem
1026 3415 1151 3481 lineam
1170 3427 1294 3478 rectam

205 3530 431 3620 progreditur,
443 3529 504 3596 sed
518 3530 554 3596 in
568 3529 719 3620 dirersas
732 3525 889 3615 regiones
902 3523 1124 3615 progrediens
1132 3527 1294 3606 cujusque

206 3639 355 3728 regionis
376 3639 502 3706 formas
526 3662 633 3727 usque
655 3636 741 3702 adeo
757 3636 904 3725 perficit,
927 3637 1042 3725 quoad
1064 3629 1295 3720 unusquisque

207 3747 377 3815 formandi
405 3747 526 3814 modus
553 3769 615 3836 per
640 3768 676 3810 se
692 3744 807 3818 finitus
830 3758 896 3826 est;
930 3759 1001 3809 tum
1023 3741 1167 3811 veroin
1194 3737 1296 3802 aliam

206 3858 382 3948 regionem
408 3855 602 3935 discedens,
641 3854 706 3919 alia
727 3852 831 3918 utitur
856 3849 1069 3941 producendi
1098 3848 1230 3915 ratione
1263 3861 1297 3911 et

206 3989 317 4034 novus
330 3964 518 4033 ostenditur
537 3962 623 4030 ordo
641 3985 765 4027 rerum.
807 3960 863 4026 Ex
882 3958 1055 4026 elementis
1070 3957 1202 4038 iisdem,
1217 3955 1297 4020 licet

208 4074 274 4143 alia
297 4074 519 4167 proportione
546 4068 753 4152 conjunctis,
776 4091 866 4136 nova
890 4064 1040 4135 nascitur
1061 4064 1183 4148 series,
1209 4087 1297 4151 quae
