2744 4718
707 297 803 417 -lb-

169 525 172 530 ·
200 486 371 593 posterio'r
380 499 605 592 praecedente
617 524 751 592 semper
761 503 947 594 perfectior
965 506 1017 589 sit,
1040 508 1191 598 sequitur
1204 511 1297 591 hinc,

200 611 336 699 Fungos
358 631 400 675 eo
427 607 648 699 perfectiores
667 610 845 701 progigni,
868 636 937 702 quo
958 615 1065 706 magis
1087 617 1300 706 organismos

202 719 396 799 dissolutus,
417 733 474 784 aut
495 718 589 807 quod
608 719 676 784 huc
697 719 798 801 idem,
816 720 951 810 Fungos
974 744 1016 790 eo
1029 723 1299 815 imperfectiores

201 852 291 910 esee,
314 850 383 917 quo
404 827 547 919 propius
569 827 613 892 ad
634 826 785 917 sporidia
805 851 866 895 seu
886 829 1061 924 Epiphyta
1088 834 1300 924 (parasitan-

200 943 272 1022 tes)
299 938 478 1016 accedant,
515 950 608 1003 tanto
639 934 860 1026 perfectiores
882 952 1009 1019 autem,
1042 955 1168 1028 quanto
1189 939 1299 1028 magis

202 1047 243 1112 ab
274 1044 346 1112 istis
377 1045 554 1125 recedant;
588 1068 693 1133 quare
721 1044 975 1135 perfectissimi,
1011 1050 1071 1137 qui
1098 1051 1174 1139 ipsa
1192 1049 1298 1114 humo

201 1169 406 1221 enascuntur
427 1150 650 1242 (Geogenii).

281 1261 361 1346 Quo
386 1261 493 1351 magis
525 1261 717 1350 organismo
754 1260 1004 1345 dissolvuntur,
1039 1288 1107 1355 quo
1135 1265 1300 1332 liberiora

199 1372 293 1440 liunt
315 1392 433 1468 eorum
454 1371 635 1450 elementa,
669 1384 702 1435 et
731 1386 857 1457 quanto
884 1371 995 1440 minus
1020 1375 1106 1441 haec
1127 1375 1201 1466 ipsa
1224 1379 1300 1442 ele-

198 1495 352 1549 mentae
378 1481 488 1547 libero
519 1501 679 1547 connexu
706 1479 1026 1567 prohibentur,.eo
1059 1483 1299 1551 concinniores

202 1606 280 1659 sunt
299 1588 445 1668 formae,
467 1610 555 1676 quae
580 1611 599 1652 e
621 1588 861 1668 conjunctione
883 1611 1002 1657 eorum
1023 1591 1187 1659 oriuntur.
1215 1640 1218 1644 -

282 1697 385 1782 Quod
399 1711 511 1762 autem
532 1719 633 1783 supra
655 1697 698 1760 de
717 1698 856 1784 gradata
877 1697 1081 1785 perfectiore
1092 1696 1300 1767 vformatione

199 1808 396 1894 Fungorum
416 1802 585 1880 diximus,
607 1823 678 1866 non
700 1805 811 1867 solum
832 1803 876 1865 de
898 1785 1105 1869 sectionibus
1126 1809 1300 1894 generali-

199 1933 251 1984 ter
276 1913 366 1979 inter
393 1933 431 1976 se
453 1909 673 1998 comparatis,
706 1907 768 1972 sed
789 1906 833 1971 de
855 1904 1157 1998 singulisquoque
1178 1913 1297 1979 formis

201 2021 381 2105 cujuslibet
401 2015 562 2085 sectionis
583 2012 673 2081 inter
694 2037 729 2078 se
751 2011 882 2079 collatis
903 2011 972 2080 dici
988 2031 1110 2105 potest.
1154 2019 1299 2088 Sicco-

198 2132 410 2223 niomycetes
433 2126 541 2214 (Nees
562 2126 593 2202 l.]
607 2123 664 2202 cit.
687 2122 775 2189 Tab.
797 2119 845 2209 Ι.)
867 2136 900 2188 et
915 2122 1197 2217 Hyphomycetes
1220 2133 1298 2213 cpi..

199 2246 324 2336 phytcs
344 2241 389 2328 (l.
413 2262 442 2304 c.
462 2235 551 2304 Tab.
573 2234 638 2319 V.)
669 2254 803 2321 semper
831 2230 1031 2319 organismis
1061 2231 1299 2322 languentibus

197 2367 331 2432 enatos,
349 2347 645 2434 Gasteromycetes
655 2337 926 2432 imperfectiores
945 2341 1046 2425 (Nees
1058 2344 1080 2406 l.
1097 2366 1125 2408 c.
1142 2341 1186 2407 T.
1209 2340 1294 2407 Vlfl.

199 2459 273 2552 Fig.
285 2462 353 2542 98.)
375 2453 576 2546 organismis
588 2450 861 2543 putrescentibus
878 2465 1034 2531 exortos3
1055 2449 1297 2539 Hymenomy-

201 2585 291 2638 cetes
312 2567 446 2636 infimos
469 2564 732 2660 (p'clerotmeas
752 2561 840 2627 Nees
862 2561 883 2624 l.
897 2583 925 2624 c.
945 2559 1031 2626 Tab.
1046 2557 1155 2645 XIV.)
1175 2581 1194 2622 e
1214 2581 1298 2646 par-

83 2692 95 2711 ⁰
154 2666 156 2671 ¹
198 2682 289 2749 tibus
301 2678 498 2769 ‘plantarum
517 2669 626 2751 vivis,
648 2689 797 2735 summos
817 2689 902 2734 vero
925 2691 971 2732 ex
990 2666 1066 2756 ipsa
1085 2668 1193 2733 humo
1211 2688 1299 2756 pro-

201 2782 592 2881 genitosmonspicimus.
635 2775 811 2867 Epiphpta
824 2779 1066 2866 perlustrantes
1081 2775 1301 2841 animadver-

200 2899 301 2964 timus
322 2909 514 2987 praeterea,
535 2889 650 2956 infima
670 2885 706 2950 in
726 2883 878 2975 partibus
898 2886 1087 2973 plantarum
1108 2881 1301 2972 perfectio-

168 3072 172 3079 .
199 3031 276 3074 rum
296 3002 524 3072 nobilioribus
545 2997 648 3076 nasci,
671 2991 848 3083 superiora
869 2993 905 3057 in
925 2995 1048 3082 planus
1061 2989 1302 3081 imperfectio-

199 3119 248 3184 ris
269 3127 458 3208 structurae
477 3122 607 3176 tantum
628 3127 688 3171 seu
710 3099 872 3169 emortuis
893 3099 1028 3186 offerri}

690 3300 714 3378 a.
758 3296 809 3360 21.

282 3439 379 3506 Hanc
402 3430 688 3525 comparationem
698 3428 905 3518 relinquens,
927 3424 1058 3512 aliquot
1069 3418 1192 3510 lbngos
1204 3425 1299 3502 juxta

200 3563 391 3617 ceterorum
408 3539 742 3634 Acotyledonearum
773 3534 931 3604 ordinum
952 3531 1089 3610 tonnas,
1112 3528 1300 3618 disponam,
1328 3607 1331 3611 ,

200 3682 222 3725 e
241 3681 309 3747 qua
331 3649 555 3744 dispositione
576 3645 733 3735 liquebit,
752 3643 895 3725 formas,
916 3640 1108 3730 quomodo
1131 3636 1198 3701 sint
1217 3656 1304 3724 per-

199 3767 370 3845 fectiores,
392 3774 518 3851 quanto
539 3756 647 3859 mauis
669 3755 711 3820 ab
721 3750 903 3845 Epiphytis
916 3749 1079 3816 recedant
1089 3742 1304 3835 propiusque

199 3871 245 3940 ad
273 3872 467 3962 Geogenios
495 3868 721 3935 accedant—
746 3885 787 3929 eo
821 3883 957 3950 quoque
984 3853 1207 3948 perfectiores
1230 3874 1305 3918 sese

200 3981 399 4062 ostendere,
432 3990 558 4068 quanto
585 3978 749 4054 majorem
777 3970 963 4062 praebeant
993 3987 1077 4032 cum
1089 3960 1214 4054 plantis
1235 3982 1301 4025 su-

200 4090 375 4181 periorum
397 4086 556 4156 ordinum
577 4079 774 4170 analogiam.
874 4092 877 4102 ¹
